2575 4050
711 278 742 321 S
751 278 1111 322 GRIPTVRAE
1151 280 1600 324 mmmm-:Imm
2000 277 2180 326 XXIII

163 453 242 492 an
262 431 564 492 ueremini
732 428 1050 508 9061dque
1085 428 1241 488 adeo
1277 428 1538 489 aduenio
1710 441 1811 494 911
1841 451 2044 491 rumor
2071 453 2180 511 po·

161 517 330 596 puli,
385 516 612 593 inquit,
671 513 724 571 si
773 511 838 570 id
1006 523 1111 576 915
1156 513 1321 573 Satis
1356 514 1464 591 pol
1508 513 1768 594 superbe
1936 525 2042 580 930
2083 518 2177 576 In’

160 601 305 660 hinc
347 599 575 659 malam
625 617 755 656 rem
924 607 1023 660 931
1071 597 1402 657 etiamnum
1568 606 1675 662 933
1715 595 1991 680 daretur]
2037 599 2181 661 data

168 692 331 744 esset
500 690 604 746 936
643 681 834 741 Immo
872 681 1020 740 uero
1193 689 1297 744 949
1333 681 1559 759 plierili
1602 683 1909 741 sententia
2075 692 2175 748 951

162 776 362 826 ratum
406 773 537 826 erat
704 773 809 828 953
860 765 1122 837 nemini,
1180 763 1244 822 id
1305 773 1470 824 cer-to
1642 775 1744 828 955
1784 774 2017 827 tantum
2060 767 2177 828 hoc

334 859 441 915 958
481 857 802 927 peccatum
828 856 994 906 tuum
1023 847 1140 906 hoc
1172 867 1309 907 esse
1479 857 1581 912 959
1610 849 1812 909 celare
1840 849 1904 908 id
2073 861 2179 915 960

162 933 424 994 Chreme
593 941 697 996 963
725 939 944 991 atattat
1111 940 1214 995 966
1229 930 1489 992 Chreme
1659 941 1765 996 968
1791 941 2008 993 astute.

160 1027 267 1083 973
309 1015 498 1093 nunc]
530 1016 677 1074 mihi
845 1024 949 1079 976
981 1021 1142 1074 caret
1169 1020 1334 1074 αησίε
1499 1023 1605 1080 978
1636 1015 2009 1094 deportarier

162 1111 268 1165 980
313 1119 490 1177 agam
544 1119 623 1157 ex
674 1099 780 1158 illo
833 1118 1078 1177 prorsus
1119 1100 1390 1160 nesciam
1558 1109 1661 1164 982
1697 1099 2061 1180 Adsequere
2105 1122 2177 1162 ac

160 1185 360 1243 retine
530 1192 634 1246 983
670 1183 833 1242 solus
871 1202 1141 1262 nequeo:
1187 1203 1434 1243 accurre
1472 1183 1613 1244 huc.
1784 1193 1889 1247 984
1917 1183 2175 1246 Chreme

337 1277 439 1331 985
488 1265 616 1343 Sic]
663 1267 792 1326 itan
963 1277 1066 1331 989
1109 1267 1372 1345 exculpe
1541 1277 1642 1332 991
1675 1267 1856 1346 Quis]
1903 1270 2009 1349 qui

157 1361 261 1415 995
306 1350 456 1430 quid
515 1370 657 1427 ergo
721 1359 813 1409 est
860 1349 1023 1429 quod
1195 1363 1333 1414 1000
1387 1370 1499 1429 ego
1545 1351 1708 1430 quod
1877 1364 2011 1416 1001
2058 1353 2174 1413 eho

334 1443 471 1497 1002
515 1433 666 1493 dicis
837 1442 974 1496 1004
1017 1433 1165 1513 quid
1209 1434 1386 1511 agis?
1560 1444 1697 1498 1008
1736 1433 2171 1518 miserandum]

161 1518 478 1596 indignum
659 1528 793 1581 1011
846 1537 981 1576 cum
1032 1518 1150 1577 hoc
1204 1516 1364 1596 ipso]
1419 1537 1516 1578 me
1566 1538 1700 1578 cum
1753 1519 1868 1578 isto
2041 1530 2174 1582 1012

158 1602 340 1661 Haec
385 1601 531 1660 illae
576 1609 750 1660 erant
922 1610 1058 1663 1020
1081 1610 1189 1660 tua
1218 1610 1358 1661 sunt
1394 1602 1590 1675 facta,
1635 1622 1835 1681 aequo
1876 1604 2077 1663 animo
2112 1613 2173 1668 et

157 1685 278 1746 hoc
453 1693 589 1746 1022
639 1684 701 1743 id
757 1703 863 1743 om.
1036 1694 1174 1749 1023
1221 1685 1365 1745 Non
1414 1687 1535 1745 iam
1568 1729 1582 1743 .
1617 1730 1631 1743 .
1674 1685 1866 1746 facit?
2038 1697 2175 1750 1024

157 1771 359 1846 magis
386 1788 549 1828 nunc
719 1775 856 1829 1028
888 1787 1024 1827 eum
1053 1769 1164 1828 tali
1335 1779 1472 1832 1038
1497 1789 1608 1848 per
1638 1768 1919 1831 fallacias
1948 1771 2025 1830 ab
2056 1773 2173 1831 'isto

331 1860 468 1914 1047
514 1849 691 1910 Satin
732 1851 846 1911 tibi
889 1859 1011 1925 est,
1059 1851 1365 1913 Chreme?
1411 1850 1525 1912 Cn.
1570 1855 1748 1913 immo
1922 1863 2061 1918 1048
2101 1857 2171 1914 tu

157 1935 271 1994 tibi
324 1954 547 1998 nomen
604 1933 702 1994 dic
757 1933 923 2015 quod
980 1933 1121 1996 est?
1169 1936 1291 1996 PH.
1332 1934 1504 1995 min?
1547 1935 1860 1997 Phormioz
2036 1948 2171 2002 1055

161 2016 434 2081 CAN'ross
476 2038 583 2078 om.

328 2188 672 2261 Hecyrae
707 2207 759 2247 v.
792 2197 822 2247 1
852 2188 1104 2267 Hecyra
1149 2189 1243 2247 est
1282 2188 1429 2246 huic
1468 2205 1689 2245 nomen
1731 2186 1997 2246 fabula'i:

158 2278 283 2342 post
307 2290 360 2330 v.
405 2276 439 2331 7
482 2268 609 2328 Sed
648 2288 772 2329 cum
800 2275 1024 2330 stellulis
1058 2274 1207 2329 deest
1374 2269 1603 2329 Ammz
1635 2287 1999 2331 Pnonoeus.

160 2360 229 2414 14
258 2352 354 2411 his
400 2407 403 2410 .
524 2362 595 2417 23
625 2362 755 2413 arte
799 2354 876 2414 ab
918 2355 1152 2414 musica
1320 2361 1391 2415 24
1433 2354 1784 2431 scriptorem
1955 2362 2026 2417 34
2050 2359 2170 2415 sine

156 2441 316 2495 uncis
486 2436 786 2497 accedens
953 2448 1022 2501 49
1063 2448 1116 2496 el
1149 2448 1216 2500 51
1259 2441 1379 2495 sine
1411 2442 1569 2497 uncis
1735 2447 1804 2501 56
1848 2438 2001 2514 alias

155 2528 227 2582 58
268 2521 484 2598 paucis
650 2531 718 2584 59
763 2523 1041 2581 euenisse
1210 2530 1279 2585 62
1321 2541 1573 2582 uxorem
1614 2522 1933 2584 ducturum
2102 2533 2170 2587 64

157 2622 238 2662 nc
279 2610 343 2662 te
392 2605 746 2682 cuiusquam
912 2614 980 2668 67
1023 2606 1343 2686 quisquam
1396 2606 1637 2666 illorum
1806 2615 1877 2671 73
1917 2615 1980 2666 te
2027 2627 2167 2686 cap-

156 2686 314 2763 tent]
361 2695 606 2766 captent
648 2689 712 2747 te
754 2688 849 2747 illi
1018 2697 1090 2752 84
1127 2689 1421 2763 Philotis,
1467 2689 1565 2750 dic
1600 2692 1684 2750 mi
1723 2690 1831 2751 ubi
1866 2697 1930 2749 te
2100 2698 2167 2753 97

156 2767 335 2828 modo
354 2789 513 2848 quae
681 2782 781 2833 101
805 2771 962 2830 haec
1131 2783 1232 2836 105
1248 2773 1474 2851 palam.
1646 2782 1748 2837 118
1772 2773 1999 2833 Senem
2028 2793 2168 2833 sese

326 2862 535 2913 autem
577 2873 712 2914 esse
754 2856 1000 2913 unicum
1170 2866 1274 2920 133
1326 2857 1491 2917 ferre
1538 2856 1657 2916 hoc
1829 2864 1931 2919 134
1969 2857 2170 2916 faxint

157 2955 292 2995 cum
322 2936 467 3014 isto]
516 2958 650 2996 cum
689 2946 795 2997 tuo
822 2939 976 2998 istoc
1147 2948 1248 3001 140
1276 2960 1479 3019 neque
1602 2957 1606 2962 ·
1649 2949 1751 3003 156
1790 2939 1865 2999 ab
1891 2959 1997 2999 om.

156 3028 255 3082 157
302 3018 474 3097 Quid
515 3022 752 3080 interea
771 3019 802 3078 ⁸?
975 3032 1075 3085 159
1103 3024 1296 3100 magis
1341 3023 1426 3102 et]
1460 3032 1524 3083 ct
1564 3024 1751 3084 multo
1920 3033 2025 3089 163
2050 3030 2169 3084 sine

153 3109 307 3161 unceis
478 3103 584 3163 Ad
639 3105 925 3164 amussim
969 3106 1278 3166 ambarum
1446 3115 1548 3170 164
1592 3126 1728 3167 esse
1769 3107 2037 3185 ingenio]
2079 3117 2167 3167 at-

155 3205 272 3263 quc
315 3187 627 3265 ingenuae
798 3198 901 3252 168
928 3190 1151 3249 iniuria
1322 3198 1424 3253 172
1452 3188 1533 3248 ad
1558 3191 1668 3251 hos
1701 3211 1774 3251 ea
1814 3191 1999 3251 rediit

156 3277 254 3332 174
275 3269 559 3350 Reliquit
583 3272 686 3329 hic
717 3291 852 3330 cum
873 3280 1062 3333 matre
1235 3282 1334 3336 175
1360 3272 1528 3333 abdit
1550 3293 1687 3334 sese
1862 3283 1961 3337 177
1973 3275 2166 3352 primo

154 3350 262 3414 hos
439 3364 542 3418 178
596 3355 965 3415 conuenibat
1134 3365 1235 3420 186
1300 3365 1428 3415 tum-
1480 3376 1585 3416 om.
1762 3365 1859 3421 187
1908 3359 2168 3417 accersit

320 3446 424 3501 199
477 3438 630 3498 Utn’
677 3458 885 3499 omnes
1054 3449 1155 3503 201
1209 3439 1452 3520 [Itaque
1626 3442 1818 3502 omnis
1871 3461 2012 3501 suas
2056 3461 2163 3504 om.

316 3521 555 3598 nurus]
727 3531 831 3584 202
854 3541 989 3583 esse
1010 3523 1323 3602 aduersas]
1345 3522 1659 3585 aduersari
1827 3532 1932 3587 204
1953 3526 2007 3584 si
2036 3524 2166 3584 ulla
