2575 4050
409 273 640 322 XXVIII
736 275 1220 320 DISCREPANTIA
1267 273 1670 316 SCRIPTVRAE
1715 274 2167 317 BENTLEIANAE

411 431 530 488 iam
566 473 581 488 .
615 473 632 488 .
655 429 789 488 Iam
956 435 1061 490 704
1083 425 1229 486 deos
1255 426 1459 506 potius
1626 435 1730 490 705
1760 423 1897 503 Quo
1933 425 2029 484 uir
2197 434 2301 489 711
2332 429 2427 488 in-

408 513 674 591 prudens
717 512 940 570 faciam
982 512 1140 569 forte
1308 518 1413 573 712
1455 510 1568 569 sim
1733 518 1839 573 716
1881 528 1998 568 neo
2040 508 2279 569 fabrica
2331 512 2433 573 illi

409 597 540 655 ulla
571 604 733 655 erat:
761 615 879 654 nee
1046 602 1153 657 720
1175 613 1210 653 o
1235 594 1421 652 Micio
1592 602 1697 658 722
1716 592 1882 653 sslius
2052 603 2273 653 autem.
2297 596 2431 655 DE.

408 700 600 754 noua,
638 676 649 761 Ι
691 679 1019 757 Capitalia.
1190 677 1272 736 ah
1291 678 1494 736 neseis
1662 687 1767 742 739
1801 677 1978 756 quasi
1998 678 2053 738 si
2078 677 2272 737 ludas.

408 772 513 828 746
557 763 722 841 Quid
765 764 876 822 illa
929 764 1112 839 igitur
1165 759 1403 821 facias?
1571 770 1677 825 753
1716 762 1838 822 Dn.
1893 761 2116 822 Probe.
2160 762 2275 821 M1.
2318 782 2434 821 om.

576 846 669 925 tu]
714 856 843 907 tute
1011 854 1118 910 754
1146 865 1180 904 o
1209 844 1450 905 Demea
1621 853 1725 908 755
1754 846 1952 904 istane
2120 846 2211 903 uti
2246 845 2437 906 decet

577 940 681 995 766
720 931 870 990 illuc
1039 937 1142 993 769
1183 928 1285 987 hio
1327 930 1632 1006 sapientia
1798 937 1903 992 796
1957 931 2115 988 inter
2155 949 2265 989 nos
2309 931 2436 990 hoc

575 1006 682 1079 814
721 1015 1099 1093 gloriamque
1141 1013 1340 1071 istane
1381 1011 1495 1071 tibi
1661 1021 1767 1075 822
1807 1012 2026 1092 quibus
2073 1031 2154 1073 ex
2323 1023 2437 1078 826

408 1101 474 1159 in
514 1099 638 1158 illis
685 1119 820 1158 esse
990 1106 1096 1160 828
1138 1096 1299 1155 scire
1331 1105 1424 1155 est
1589 1106 1695 1160 833
1739 1105 2023 1156 senectus
2054 1095 2259 1156 adfert

407 1193 510 1247 841
568 1183 713 1241 luci.
757 1181 870 1242 M1.
927 1182 1106 1241 immo
1160 1178 1237 1239 de
1285 1187 1466 1238 noete
1634 1188 1739 1243 842
1782 1188 1845 1240 te
1888 1181 2028 1240 faee
2196 1190 2302 1244 845
2341 1200 2431 1258 sq.

408 1266 653 1326 uidero:
713 1273 897 1346 atque
937 1260 947 1345 Ι
983 1265 1088 1325 ΠΗ
1138 1262 1390 1323 fauillae
1560 1272 1664 1326 849
1708 1264 1919 1344 places
2088 1274 2194 1328 852
2232 1267 2429 1326 fortu-

409 1360 587 1410 natus
756 1359 859 1413 855
914 1350 1049 1408 fuat
1214 1356 1322 1432 860
1357 1348 1563 1427 Prope
1620 1346 1875 1408 decurso
2046 1351 2256 1411 omitto

408 1443 515 1497 863
556 1453 796 1513 semper
839 1436 966 1513 egit
1131 1440 1235 1496 877
1263 1424 1411 1510 Alge
1452 1451 1616 1491 nunc
1657 1433 1779 1491 iam
1822 1432 2207 1511 experiamur
2247 1454 2435 1514 porro

413 1522 625 1578 contra
791 1526 897 1582 878
917 1518 1039 1576 hue
1209 1524 1316 1578 882
1353 1515 1509 1593 orat]
1547 1524 1725 1593 rogat
1891 1524 1998 1580 888
2024 1518 2160 1594 ipsa
2185 1538 2255 1577 re

409 1611 514 1666 913
553 1610 856 1681 sumptum
907 1601 1216 1659 admittet:
1269 1598 1494 1658 multa:
1666 1608 1767 1662 921
1810 1600 1927 1659 hae
2095 1610 2197 1666 937
2252 1603 2435 1663 Insa-

411 1684 553 1744 nis‘?
724 1693 825 1748 941
871 1686 1051 1764 quasi
1083 1684 1137 1743 si
1165 1682 1281 1741 11οο
1309 1702 1432 1742 non
1601 1691 1706 1745 942
1737 1702 1996 1760 grauare
2168 1693 2270 1750 947
2295 1686 2410 1747 He-

410 1770 511 1845 gio
550 1768 652 1827 hio
699 1776 792 1828 est
817 1768 911 1827 his
952 1774 1244 1846 cognatus
1412 1775 1516 1829 952
1543 1764 1693 1844 non]
1728 1787 1891 1827 nune
2058 1778 2162 1832 954
2201 1790 2435 1833 sumus.

578 1860 870 1915 955--957
915 1860 1186 1930 oportet,
1240 1850 1448 1908 Micio.
1498 1844 1514 1931 Ι
1561 1851 1673 1910 M1.
1734 1849 1901 1927 Quid
1939 1850 2125 1912 istic?
2184 1853 2432 1915 dabitur

412 1934 690 2013 qufflem,
748 1935 991 2015 quando
1043 1936 1147 1994 hie
1192 1932 1343 1992 uolt.
1398 1933 1519 1993 ΑΒ.
1572 1937 1655 1993 mi
1706 1946 1902 2013 pater.
1969 1937 2094 1996 DE.
2151 1958 2319 1997 nune
2360 1942 2434 1999 tri

410 2019 589 2094 mihi,
630 2019 640 2098 Ι
677 2020 892 2096 Micio,
935 2040 1000 2080 es
1044 2017 1367 2097 germanus
1396 2018 1627 2098 pariter
1656 2020 1857 2080 animo
1896 2040 1969 2080 ao
2011 2042 2284 2101 corpore.
2313 2025 2434 2083 M1.

411 2104 667 2181 gatideo.
840 2114 944 2169 959
989 2123 1134 2181 ergo
1306 2110 1409 2166 967
1453 2100 1598 2179 hae]
1639 2104 1757 2163 ista
1926 2113 2032 2168 988
2065 2105 2178 2166 Set
2206 2106 2433 2168 adsen-

409 2187 596 2248 tando
641 2198 825 2269 atque
858 2186 1233 2267 Indulgendo
1406 2196 1511 2250 994
1544 2189 1847 2265 corrigere
1876 2208 2082 2268 quem,
2129 2189 2432 2252 obeeoun·
2555 2267 2556 2270 Ἴ

409 2270 559 2332 dare
729 2283 834 2338 996
878 2293 1028 2351 opus
1071 2274 1235 2332 facto
1406 2279 1508 2334 997
1555 2269 1826 2332 OAu‘ron
1867 2292 1975 2333 om.
