2575 4050
351 234 394 296 6
991 230 1206 292 VITA
1269 230 1728 293 TERENTII.

443 406 504 460 In
527 405 775 460 medium
795 405 957 461 nobis
985 404 1195 460 sedatis
1219 405 1455 460 uocibus
1479 406 1662 460 ecfers

445 489 726 561 Quicquid
749 504 908 544 come
932 490 1167 560 loquens
1192 494 1356 560 atque
1380 489 1567 544 omnia
1592 488 1778 544 dulcia
1806 487 2023 544 dicens.

359 572 497 627 Item
522 572 583 629 C.
610 571 847 629 Caesar:
1431 588 1442 601 ‘

446 656 530 712 Tu
553 673 802 729 quoque‘
833 662 892 713 tu
911 658 971 713 in
995 657 1226 713 summis
1242 700 1256 726 ,
1283 674 1317 712 o
1345 656 1632 712 dimidiate
1654 655 1981 724 Menander,

307 746 342 801 5
447 743 681 797 Poneris
706 746 762 797 et
782 741 979 799 merito
996 783 1010 809 ,
1032 730 1162 813 puri
1187 742 1465 797 sermonis
1490 745 1725 796 amator.

445 826 691 882 Lenibus
714 831 879 897 atque
901 826 1113 881 utinam
1138 825 1362 897 scriptis
1387 824 1651 879 adiuncta
1674 825 1817 879 soret
1834 823 1944 891 uiS,

450 908 675 966 Comiea
696 915 756 966 ut
777 916 1013 983 aequato
1039 910 1217 964 uirtus
1244 909 1483 980 polleret
1504 907 1719 963 honore

449 992 586 1050 Cum
609 993 857 1061 Graecis,
884 1009 1069 1065 neque
1090 993 1149 1048 in
1173 992 1280 1048 hae
1306 991 1608 1063 despectus
1632 999 1791 1064 parte
1817 993 2067 1048 iaceres:

446 1079 634 1134 Vnum
655 1078 767 1136 hoe
786 1093 1046 1132 maceror
1068 1083 1122 1132 et
1147 1076 1311 1132 doleo
1334 1078 1429 1132 tibi
1455 1076 1657 1132 deesse
1675 1119 1689 1144 ,
1714 1077 1956 1132 Terenti.

790 1229 1379 1286 ADDITAMENTVM
1420 1230 1610 1286 AELII
1651 1229 1941 1286 DONATI.

527 1342 680 1398 Haec
712 1341 1012 1399 Suetonius
1037 1343 1413 1415 TranquilluS.
1484 1343 1627 1399 Nam
1664 1342 1807 1398 duos
1842 1341 2135 1399 Terentios
2173 1350 2383 1416 poetas

362 1426 538 1482 fuisse
563 1426 754 1483 scribit
775 1427 1009 1496 MetiuS,
1051 1443 1287 1499 quorum
1324 1428 1463 1483 alter
1489 1428 1858 1499 Fregellanus
1892 1428 2057 1482 suerit
2078 1427 2384 1485 Terentius

362 1510 497 1566 Libo
515 1554 530 1579 ,
569 1512 706 1567 alter
733 1512 1023 1568 libertinus
1052 1511 1347 1568 Terentius
1370 1512 1509 1567 Aser
1529 1517 1741 1582 patria,
1782 1510 1853 1567 de
1890 1527 1999 1583 quo
2023 1528 2174 1569 nunc
2199 1514 2384 1585 loqui-

361 1609 506 1649 mur.
590 1594 873 1667 Scipionis
909 1596 1128 1652 fabulas
1159 1595 1411 1651 edidisse
1445 1595 1766 1650 Terentium
1800 1596 2039 1667 Valgius
2070 1596 2132 1652 'In
2174 1599 2386 1654 Actae·

276 1681 347 1735 15
371 1693 480 1732 one
507 1679 611 1733 ait:

453 1762 605 1819 Tuae
627 1761 772 1833 quae
800 1767 1073 1818 uocantur
1097 1760 1320 1820 rabulae
1345 1761 1580 1819 cuiaene
1603 1759 1771 1818 sunt?
1873 1754 1878 1761 ’

447 1844 574 1901 Non
593 1843 698 1901 has
722 1847 815 1917 qui
840 1848 965 1903 iura
986 1847 1216 1919 Poplius
1241 1846 1412 1902 dabat
1429 1847 1687 1920 ye'ntibus

446 1929 672 1986 Honore
696 1946 914 1987 summo
942 1930 1198 1988 adfectus
1226 1932 1357 1987 feeit
1375 1928 1635 1989 fabulas?

362 2013 518 2071 Duae
554 2016 623 2072 ab
657 2014 1007 2089 Apollodoro
1052 2017 1359 2074 translatae
1396 2033 1525 2073 esse
1548 2014 1809 2072 dicuntur
1831 2016 2077 2085 comico,
2112 2014 2382 2074 Phormio

277 2103 424 2156 wet
452 2098 708 2173 Hecyra:
745 2106 1004 2174 quattuor
1039 2100 1291 2173 reliquae
1335 2117 1369 2156 a
1399 2100 1736 2157 Menandro.
1800 2101 1887 2156 Ex
1922 2102 2123 2172 quibus
2168 2116 2382 2174 magno

369 2200 641 2241 successu
663 2191 718 2240 et
740 2188 921 2258 pretio
952 2187 1099 2244 stetit
1118 2184 1425 2242 Eunuchus
1452 2186 1666 2242 fabula:
1698 2185 1925 2259 Hecyra
1949 2200 2121 2257 saepe
2145 2186 2384 2242 exclusa

366 2269 465 2324 uix
486 2273 612 2326 acta
632 2274 739 2325 est.
