2575 4050
207 798 887 868 DISOREPANTIA
936 796 1503 863 SCRIPTVRAE
1550 798 2217 865 BENTLEIANAE.

377 989 697 1046 Andriae
747 1005 798 1044 v.
856 995 892 1049 8
933 984 1233 1045 aduortite
1407 995 1470 1048 11
1519 985 1796 1047 dissimili
1852 989 1992 1047 stint
2041 1008 2216 1066 argu·

207 1079 443 1144 mento,
501 1070 561 1127 et
731 1078 798 1132 13
848 1088 925 1128 ex
966 1069 1286 1129 Perinthia
1326 1068 1427 1128 hic
1593 1077 1665 1133 40
1713 1068 1803 1129 81.
1846 1071 1993 1130 haut
2033 1082 2219 1133 muto.

209 1154 323 1214 So.
370 1154 595 1212 factum
639 1151 877 1230 gaudeo
1045 1163 1110 1215 51
1142 1170 1223 1227 sq.
1258 1153 1338 1211 ex
1377 1152 1659 1232 ephebi3‚
1706 1154 1915 1226 Sosia,
1960 1175 2034 1213 ac
2070 1150 2081 1237 Ι
2118 1157 2220 1215 Li·

209 1237 363 1297 bera
399 1234 672 1296 uiuenda
714 1235 830 1295 fust
868 1244 1170 1316 potestas,
1214 1234 1384 1313 (nam
1551 1246 1622 1300 54
1661 1238 1825 1297 Dum
1868 1256 2005 1298 eum
2053 1240 2221 1298 aetas

382 1318 746 1379 cohibebant
913 1329 983 1383 60
1022 1319 1086 1378 id
1125 1338 1237 1396 ego
1269 1319 1527 1379 arbitror
1694 1330 1764 1384 74
1789 1321 2057 1382 Primum

213 1413 284 1467 86
325 1421 408 1479 sq.
441 1402 704 1463 Cliuiam
749 1411 857 1462 aut
891 1399 902 1484 Ι
939 1402 1298 1463 Niceratum
1340 1402 1652 1463 dicebant:
1696 1425 1835 1463 nam
2003 1416 2069 1469 95
2102 1407 2222 1465 iam

209 1486 441 1547 habere
611 1496 680 1550 99
709 1486 873 1547 fama
901 1487 1018 1546 hac
1191 1495 1294 1548 104
1323 1487 1485 1546 Fere
1576 1538 1580 1543 .
1658 1497 1758 1548 112
1786 1488 1931 1547 mihi
1956 1488 2056 1547 hic

213 1580 314 1634 116
359 1570 678 1648 suspicans
722 1571 904 1630 etiam
1074 1569 1222 1650 quid
1270 1569 1336 1628 id
1381 1578 1473 1629 est
1643 1580 1744 1634 119
1780 1571 2002 1631 Forma
2040 1570 2220 1633 bona.

211 1653 322 1714 So.
367 1655 627 1714 fortasse
798 1664 903 1719 123
944 1649 1036 1733 ac]
1078 1662 1141 1714 et
1310 1661 1412 1718 126
1440 1653 1619 1712 Haec
1661 1654 1806 1715 illae
1974 1664 2076 1719 143
2119 1655 2222 1716 de·

212 1737 375 1797 derit
417 1739 525 1817 qui
592 1814 597 1817 .
695 1746 791 1800 161
834 1736 1093 1817 pedibus
1264 1745 1365 1802 171
1407 1757 1630 1817 sequar
1798 1747 1901 1802 188
1942 1739 2058 1799 sini

214 1829 315 1885 213
346 1820 417 1880 Si
446 1821 740 1893 senserit,
783 1822 971 1900 perii,
1016 1823 1122 1881 aut
1164 1839 1348 1901 quam
1516 1830 1620 1884 214
1650 1822 1791 1901 Qua
1817 1824 1950 1883 iure
1980 1843 2101 1904 qua
2128 1843 2223 1882 me

210 1905 434 1964 iniuria
603 1913 706 1967 225
737 1905 826 1963 Mi
857 1904 1101 1985 quidem
1125 1925 1248 1965 non
1289 1907 1359 1965 fit
1386 1906 1748 1972 uerisimilem
1793 1914 1858 1966 at
1884 1908 2034 1987 ipsis
2067 1926 2220 1966 com·

209 1989 481 2049 menttim
522 1986 732 2067 placet
770 1993 889 2049 sine
929 1993 1088 2049 uncis
1253 1998 1357 2054 226
1396 2007 1478 2067 sq.
1520 1988 1595 2048 ad
1641 1989 1867 2064 forum,
1909 1998 1979 2050 ut
2012 1985 2025 2071 Ι
2065 1988 2220 2050 Con-

209 2073 455 2132 ueniam
509 2072 925 2151 Pamphilum,
982 2093 1062 2133 ne
1115 2075 1192 2134 de
1245 2076 1362 2134 hac
1402 2094 1470 2134 re
1509 2073 1689 2153 pater
1856 2083 1962 2137 228
1996 2073 2220 2147 Audio,

210 2156 503 2237 Archylis
672 2166 771 2219 231
842 2155 1108 2216 adduci?
1278 2168 1383 2221 235
1436 2157 1654 2217 turbae
1709 2158 1953 2218 tristitia
2120 2167 2223 2220 236

214 2240 515 2300 Hocinest
555 2240 723 2299 factu
757 2241 1083 2301 humanum
1253 2248 1356 2304 237
1387 2239 1551 2317 Quid
1592 2238 1750 2300 illud
1916 2248 2014 2301 241
2062 2238 2223 2317 QuId

214 2322 539 2382 Chremes?
709 2331 814 2385 242
836 2325 889 2383 is
912 2324 1172 2384 mutauit
1338 2323 1527 2384 uidet.
1673 2333 1777 2388 243
1801 2323 1901 2383 Ita
1924 2323 2222 2384 obstinate

378 2415 485 2470 253
513 2406 775 2466 Tantam
817 2428 944 2467 rem
1113 2415 1217 2470 254
1242 2409 1332 2468 Mi
1374 2416 1521 2486 aput
1687 2418 1789 2472 255
1820 2398 1947 2467 A'bi
1987 2406 2222 2468 domum

382 2500 475 2583 ac]
527 2513 588 2563 et
754 2514 858 2568 256
886 2508 967 2582 sq.
999 2505 1326 2587 proloqui?
1358 2514 1462 2565 aut
1498 2502 1509 2585 Ι
1546 2507 1751 2568 Ullam
1797 2526 2058 2580 causam,
2091 2503 2220 2565 ‘sal-

213 2596 337 2647 tem
377 2588 650 2666 ineptam
817 2597 922 2653 258
956 2588 1140 2667 Quod
1183 2591 1236 2650 si
1280 2610 1395 2668 ego
1438 2591 1686 2650 scissem
1727 2588 1793 2648 id
1833 2593 2030 2669 prius,
2077 2591 2224 2668 quid

212 2671 514 2746 facerem,
556 2673 609 2730 si
646 2673 783 2750 quis
809 2692 974 2732 nunc
1003 2693 1100 2732 me
1133 2674 1469 2751 interroget
1637 2683 1742 2737 260
1775 2673 2054 2733 diuorsae

210 2763 316 2817 264
338 2774 591 2833 quorsus
761 2763 864 2818 265
891 2756 1017 2816 Sed
1049 2776 1210 2816 nunc
1230 2763 1551 2836 pei-opust,
1585 2758 1692 2815 atit
1858 2764 1960 2819 277
1985 2755 2221 2817 adeone

367 2846 473 2902 278
494 2838 757 2898 Adeone
787 2858 966 2917 porro
998 2840 1333 2919 ingratum,
1363 2840 1785 2913 inhumanum,
1818 2838 2055 2899 ferum?

209 2928 315 2983 283
359 2930 500 2980 sunt
541 2922 606 2980 in
647 2923 845 2981 animo
890 2922 1055 2983 dicta
1224 2933 1328 2987 289
1360 2922 1542 3001 Quod
1568 2931 1630 2983 te
1664 2923 1776 3001 ego
1806 2942 1918 3003 per
1948 2922 2221 2983 dextram

208 3002 370 3062 hanc
432 3007 538 3065 oro
591 3012 653 3064 et
705 3026 816 3085 per
870 3008 1117 3083 genium
1171 3016 1342 3067 tuum
1509 3015 1612 3070 296
1656 3005 1803 3066 fidei
1970 3016 2073 3070 302
2114 3001 2215 3085 Εἰ]

207 3106 328 3146 uae
499 3097 601 3151 305
634 3086 940 3169 quoniam]
980 3090 1222 3170 quando
1392 3099 1493 3154 307
1520 3110 1597 3150 ex
1630 3090 1813 3150 corde
1847 3091 2056 3149 eiicias

210 3179 313 3232 310
358 3171 540 3230 aliter
581 3191 838 3232 censeas
1007 3185 1108 3238 315
1138 3173 1285 3253 quid
1314 3172 1424 3232 ni‘?
1464 3174 1617 3233 nihil
1657 3183 1727 3232 ut
1766 3177 2054 3253 Impetres

210 3261 311 3315 316
357 3253 648 3314 duxerit?
808 3266 921 3320 '332
977 3256 1306 3338 adipiscier
1475 3267 1579 3321 333
1628 3257 1945 3317 Βόᾶᾱιικῐί
1991 3298 2005 3312 .
2054 3299 2068 3312 .
2116 3258 2224 3315 atit

208 3343 341 3395 tute
384 3346 491 3397 aut
658 3348 758 3402 335
791 3341 897 3419 qui
921 3341 1069 3399 mihi
1238 3350 1341 3405 339
1373 3360 1491 3421 quo
1520 3341 1584 3399 in
1752 3350 1857 3404 343
1889 3358 2174 3419 quaeram
2190 3339 2221 3396 Ῥ

212 3438 331 3498 quo
376 3439 543 3480 nunc
708 3430 810 3485 345
853 3442 1007 3501 euge
1177 3434 1281 3487 350
1320 3432 1503 3504 atque
1675 3432 1779 3487 352
1818 3423 1931 3482 tibi
1971 3442 2218 3482 uxorem

380 3500 544 3582 Scio]
594 3504 752 3564 scies
925 3516 1030 3570 353
1068 3527 1165 3567 me
1206 3506 1384 3566 modo
1429 3506 1756 3587 prehendit
1923 3505 2055 3566 dari

212 3591 313 3648 356
365 3585 634 3647 escendo
702 3588 768 3648 in
831 3589 1137 3667 quendam
1192 3589 1278 3649 ibi
1460 3598 1560 3653 357
1616 3608 1917 3666 nusquam
1973 3609 2070 3649 cs:
2136 3588 2221 3647 ibi
