2575 4050
1087 274 1450 318 PRAEFATIO
2131 269 2232 316 VII

219 429 474 490 schelius
495 439 803 501 parerqon
826 424 872 483 I
893 440 959 499 p.
984 421 1126 485 300.
1159 420 1272 504 qui
1314 419 1766 484 consularibus
1795 419 1969 483 ludis
2012 439 2043 481 ε
2080 421 2231 482 Oud.

392 520 430 582 8
453 540 581 604 qua
602 521 850 582 Harius.
875 519 1027 602 quia
1049 538 1081 579 ε
1107 519 1256 581 Oud.
1435 520 1510 581 10
1528 516 1756 582 urbem
1783 518 1932 580 Oud.
1959 514 2122 578 urbe
2154 517 2233 585 D.

221 621 521 682 Heinsius.
562 634 675 678 om.
713 635 779 676 ε.·
819 617 905 690 ef.
944 617 1469 678 Drakenborehius
1521 620 1586 678 in
1620 617 1747 678 Liv.
1789 614 2133 678 XXVIIII
2172 613 2231 688 6,

221 719 260 776 4
440 716 510 774 11
540 712 639 774 sic
668 732 718 774 ε.
756 730 866 774 om.
902 713 1049 775 Oud.
1228 712 1304 772 12
1349 709 1529 774 dedit
1557 713 1807 774 Bothius
1976 712 2052 772 15
2098 708 2169 771 in
2198 730 2232 769 ιιι

222 807 412 896 mari]
458 814 600 874 hine
653 814 963 874 aberrasse
1005 820 1154 889 puto
1203 813 1385 874 verba
1440 810 1588 872 sinu
1632 806 2003 872 Leucadiae
2044 826 2098 869 v.
2132 814 2158 867 1
2172 810 2231 889 7,

224 928 379 987 quae
414 914 539 972 illie
569 917 879 972 mutarunt
916 909 1055 971 siue
1098 907 1461 988 Leucadia,
1507 912 1666 971 unde
1700 910 1828 984 fuit
1865 925 1997 970 cum
2039 914 2233 983 temp—

225 1016 415 1070 tarem
479 1007 616 1069 siue
684 1005 988 1070 Leueasii
1052 1013 1204 1071 conl.
1267 1010 1575 1070 Pausania
1606 1015 1612 1021 “
1642 1007 1805 1070 VIII
1838 1006 1918 1066 25
1934 1052 1948 1077 ,
1994 1003 2063 1065 2:
2130 1006 2238 1066 sed

224 1124 385 1167 nuno
407 1107 563 1167 illud
583 1107 902 1182 praefero,
943 1109 1062 1168 nisi
1079 1112 1355 1182 praestat
1380 1112 1771 1183 transponere
1801 1100 2048 1187 perisse
2070 1100 2233 1162 mari

225 1201 296 1265 in
343 1203 492 1264 sinu
543 1199 915 1264 Leucadiae
971 1200 1131 1264 dicit
1303 1204 1381 1265 16
1434 1222 1475 1264 a
1522 1198 1882 1264 Menandro
1928 1219 1987 1275 ε,
2040 1200 2233 1260 Mad-

229 1303 422 1375 viyius
461 1303 525 1360 in
567 1301 685 1361 Cio.
730 1301 807 1361 de
841 1304 948 1374 fist.
978 1318 1050 1378 p.
1092 1298 1186 1361 18.
1230 1319 1266 1360 e
1306 1296 1669 1362 Menandro
1719 1299 1867 1360 Oud.
2043 1297 2118 1357 17
2163 1294 2234 1356 in

231 1396 495 1460 arcadia
537 1383 870 1481 stimphali
909 1417 961 1459 ε.
1016 1396 1086 1458 in
1121 1395 1447 1459 Arcadiae
1491 1393 1871 1480 Stymphale
1918 1396 2066 1458 Oud.

233 1497 310 1556 19
366 1514 452 1558 ex
493 1496 761 1558 Bothius.
818 1513 929 1559 om.
987 1515 1020 1556 ε
1076 1497 1225 1558 Oud.
1398 1497 1477 1557 23
1533 1495 1644 1557 uia
1698 1514 1748 1556 ε.
1800 1492 1874 1555 in
1929 1493 2037 1553 uia
2085 1492 2235 1552 Oud.

417 1592 647 1656 uillam
688 1599 903 1656 seclusi
962 1612 1148 1656 suasu
1195 1595 1510 1671 Schopeni‚
1580 1597 1688 1670 qui
1736 1595 1886 1654 haee
1936 1592 2239 1652 adnotavit

232 1680 401 1753 ‘Fuit
446 1695 682 1768 quidem
734 1697 832 1753 via
879 1695 1106 1770 Appia,
1171 1694 1344 1754 haud
1386 1696 1602 1770 procul
1652 1693 1729 1753 ab
1778 1692 1923 1752 urbe
1936 1738 1950 1764 ,
2016 1690 2238 1750 Martis

227 1791 428 1851 aedis.-
470 1809 523 1850 v.
565 1791 844 1851 Dukerus
891 1791 978 1850 ad
1009 1790 1135 1851 Liv.
1177 1791 1247 1850 X
1283 1789 1363 1849 23
1413 1796 1470 1850 et
1509 1793 1756 1865 interpr.
1801 1789 1889 1848 ad
1931 1786 2029 1848 Ov.
2073 1788 2235 1847 Fast.

243 1886 336 1947 VI
377 1886 489 1946 191
542 1882 619 1971 [et
662 1889 729 1946 G.
774 1888 843 1946 Α.
888 1887 1150 1948 Beckeri
1187 1890 1369 1961 antiq.
1418 1886 1587 1947 Rom.
1629 1886 1673 1946 I
1708 1903 1779 1961 p.
1827 1884 1941 1943 511
1983 1879 2120 1967 sq.].
2174 1888 2241 1943 at

229 1988 418 2047 villa
457 1986 680 2047 Martis
730 2002 842 2047 net·
881 1987 1128 2048 aliunde
1175 1992 1434 2062 constat,
1480 1993 1540 2049 et
1589 2003 1689 2048 res
1734 1990 1824 2047 est
1858 2000 1975 2060 per
2014 2001 2078 2044 se
2120 1984 2235 2043 ab·

227 2085 438 2143 surda.
503 2101 691 2158 quare
731 2100 849 2143 non
879 2085 1075 2145 dubito
1114 2088 1257 2159 quin
1291 2078 1516 2144 uillam
1554 2085 1642 2144 ad
1666 2082 2092 2159 explicandam
2118 2097 2235 2140 ra-

228 2185 450 2242 riorem
478 2199 532 2241 v.
569 2177 809 2242 hortuli
853 2184 1337 2257 sionificationem
1369 2185 1692 2257 ascriptum
1735 2180 1931 2253 fuerit
1969 2180 2033 2237 in
2062 2194 2237 2237 mar-

226 2280 387 2351 yine.
450 2278 609 2338 unde
655 2283 862 2352 postea
902 2279 979 2337 ab
1014 2278 1246 2337 homine
1284 2278 1543 2352 indocto,
1597 2279 1698 2337 cui
1729 2277 2030 2350 qenetivus
2066 2270 2237 2334 Mar-

229 2372 318 2434 tis
359 2378 650 2435 molestias
677 2376 947 2448 creabat,
990 2378 1053 2435 in
1081 2378 1275 2450 ipsum
1306 2374 1612 2435 verborum
1645 2374 1913 2434 ordinem
1939 2377 2237 2448 receptum

228 2479 333 2533 est.
406 2476 534 2548 ipse
563 2474 764 2534 Cicero
811 2477 995 2553 plane
1035 2473 1242 2535 iisdem
1283 2473 1490 2566 verbis,
1524 2473 1611 2532 ad
1650 2472 1715 2543 Q.
1745 2472 1835 2545 fr.
1880 2471 1995 2531 III
2030 2472 2068 2530 7
2112 2466 2237 2529 Ro-

231 2588 378 2631 mae
431 2576 498 2631 et
547 2569 830 2632 maxime
885 2568 1105 2653 Appia
1152 2590 1240 2630 uu
1287 2566 1519 2630 Martis
1561 2567 1727 2630 mira
1767 2566 2068 2630 alluuies'
2253 2627 2262 2634 ,

234 2667 317 2728 34
387 2664 619 2730 Cicero
694 2666 763 2729 in
824 2665 992 2730 Lino
1068 2686 1227 2744 susp.
1294 2669 1369 2728 R.
1444 2669 1715 2744 Unqerus
1775 2672 1839 2728 in
1896 2669 2238 2743 prolusione

227 2783 431 2842 yymn.
484 2769 1001 2830 Friedlandiensis
1054 2771 1203 2828 anni
1250 2767 1718 2829 MDCCCLIIII
1771 2767 2237 2838 (‘subsioivorum

231 2868 439 2940 capita
482 2868 654 2938 tria’)
691 2884 754 2942 p.
800 2866 837 2928 3

402 2964 473 3024 P.
509 2962 546 3022 6
588 2980 641 3022 v.
691 2964 719 3022 1
753 2963 822 3026 in
851 2961 1139 3025 medium
1178 2961 1367 3025 nobis
1411 2964 1541 3024 eod.
1575 2963 1733 3023 Dan.
1772 2960 1843 3022 in
1880 2957 2095 3022 medio
2127 2978 2238 3042 po·

176 3094 184 3102 ·
234 3056 374 3142 puli
419 3078 452 3119 ε
495 3060 643 3121 Oua.
814 3062 853 3123 6
895 3066 1090 3143 atque
1129 3058 1405 3139 utinam]
1444 3059 1530 3132 cf.
1564 3059 1650 3119 M.
1681 3060 1981 3135 Hauptius
2018 3060 2239 3120 observ.

232 3159 365 3216 erit.
404 3174 471 3232 p.
504 3158 587 3216 47
757 3157 859 3220 uis
875 3204 892 3237 ,
940 3155 1188 3219 comica
1213 3162 1287 3218 ut
1316 3157 1623 3217 Bentleius
1661 3159 1725 3216 in
1750 3157 1898 3216 Hor.
1934 3156 2005 3215 A.
2036 3157 2104 3214 Ρ.
2138 3153 2240 3227 26,

249 3255 488 3326 Wolftus
518 3257 758 3317 miscell.
776 3275 840 3332 p.
866 3256 1021 3329 454,
1055 3254 1394 3316 Meinekius
1417 3254 1752 3314 Menandri
1781 3260 1838 3313 et
1860 3254 2013 3312 Phil.
2044 3254 2153 3311 rel.
2178 3268 2241 3325 p.

235 3352 545 3415 XXXVI.
576 3351 680 3414 uis
718 3352 993 3430 comica,
1035 3359 1111 3413 ut
1145 3354 1292 3415 Oud.
1473 3352 1548 3411 12
1590 3354 1724 3412 vide
1765 3370 1841 3412 ne
1871 3350 2240 3412 scribendum

233 3454 312 3509 sit
344 3447 669 3531 MaeciuS,
725 3457 778 3514 is
830 3454 907 3512 de
944 3469 1059 3527 quo
1102 3452 1187 3526 of.
1226 3452 1534 3513 Bentleius
1584 3454 1648 3511 in
1689 3450 1838 3511 Hor.
1878 3449 1948 3508 Α.
1993 3450 2062 3508 Ρ.
2092 3447 2242 3521 -387,

249 3549 612 3612 Weiohertus
652 3555 810 3628 poe‘t.
856 3551 988 3612 Lat.
1040 3554 1150 3611 rel.
1190 3570 1260 3626 p.
1306 3551 1427 3611 334
1478 3566 1602 3624 sqq.
1618 3597 1632 3624 ‚
1696 3550 1983 3610 Estraeus
2032 3547 2241 3607 Horat.
