2575 4050
28 3110 30 3223 t

28 3346 29 3435 ψ

96 466 148 514 V.
178 465 284 516 394
320 465 394 515 ad
427 463 529 516 403
566 464 771 514 iambici
805 466 1049 514 octonarii

120 577 143 585 -
176 546 283 597 404
319 547 393 597 ad
429 546 532 599 480
566 546 771 595 iambici
807 546 994 596 senarii

124 661 145 669 -
177 630 277 681 481
316 630 388 681 ad
419 630 524 681 484
554 628 815 679 bacchiaci
844 632 1111 682 tetrametri
1147 636 1406 684 aestate-cti

123 742 143 750 ·
174 711 278 762 485
319 712 578 762 iambicus
609 711 824 762 dimeter
854 713 1175 766 catalecticus

125 825 145 833 -
178 794 281 847 486
311 796 570 845 iambicus
606 796 835 845 senarius

125 906 145 914 -
176 877 276 928 487
309 878 379 927 ad
407 876 513 929 496
549 878 756 928 iambici
785 879 1027 927 octonarii

127 989 145 997 ·
179 959 276 1011 497
317 968 369 1012 ct
404 961 512 1011 498
551 961 754 1011 iambici
791 961 980 1011 senarii

134 1072 151 1081 ·
182 1042 280 1095 499
311 1044 381 1094 ad
421 1044 526 1096 505
557 1045 762 1094 iambici
799 1045 1046 1094 octonarii

128 1153 148 1161 -
183 1126 280 1177 506
317 1128 573 1176 iambicus
605 1127 923 1192 septenarius

136 1239 151 1245 —
184 1210 278 1261 507
311 1211 381 1262 ad
419 1210 525 1262 509
560 1210 766 1260 iambici
800 1210 1045 1259 octonarii

130 1320 148 1328 —
180 1293 277 1344 510
313 1294 383 1344 ad
413 1293 520 1345 515
553 1291 801 1343 trochaici
825 1293 1099 1356 septenarii

133 1403 153 1411 -
184 1374 275 1426 517
315 1375 608 1426 trochaicus
645 1375 857 1425 dimeter
888 1373 1207 1425 catalecticus

135 1485 153 1493 ·
184 1455 280 1506 518
311 1458 378 1506 ad
413 1455 518 1507 523
548 1455 793 1505 trochaici
831 1456 1107 1520 septenarii

135 1567 153 1575 ·
186 1540 279 1590 524
310 1541 376 1589 ad
414 1538 522 1592 532
551 1538 758 1589 iambici
788 1538 977 1588 senarii

136 1650 158 1659 ·
187 1621 279 1674 533
315 1624 383 1673 ad
421 1622 528 1673 536
558 1622 764 1672 iambici
800 1622 1045 1671 octonarii

134 1731 155 1740 ·
186 1702 277 1755 537
310 1705 565 1755 iambicus
605 1703 956 1766 quaternarius

138 1814 156 1823 -
190 1784 284 1837 538
314 1787 380 1836 ad
416 1788 524 1837 574
558 1784 764 1835 iambici
801 1799 988 1834 senarii

140 1897 159 1905 -
190 1870 282 1920 575
320 1870 387 1919 ad
417 1869 522 1920 581
554 1868 761 1918 iambici
794 1882 1069 1933 septenarii

139 1978 159 1987 -
189 1948 281 2001 582
312 1951 377 2001 ad
416 1950 524 2002 604
559 1956 608 2000 et
644 1949 748 2001 606
773 1949 978 2000 iambici
1015 1952 1257 2001 octonarii

139 2061 157 2069 -
189 2033 281 2084 605
317 2035 567 2084 iambicus
600 2034 950 2095 quaternarius

138 2147 156 2156 ·
185 2117 278 2170 607
313 2126 359 2171 et
396 2118 504 2171 608
540 2115 784 2168 trochaici
817 2121 1063 2168 octonarii

141 2229 159 2238 -
189 2200 281 2252 609
314 2201 603 2251 trochaicus
639 2200 956 2265 septenarius

140 2311 161 2320 -
191 2283 286 2335 610
320 2285 384 2334 ad
420 2283 526 2336 620
558 2282 764 2333 iambici
794 2284 1032 2333 octonarii

144 2394 150 2401 ·
190 2364 279 2416 621
313 2367 377 2417 ad
403 2366 508 2418 624
532 2365 777 2416 trochaici
807 2369 1082 2432 septenarii

141 2475 161 2484 -
191 2446 284 2500 625
318 2449 598 2514 dactylicus
635 2456 922 2499 tetrameter
949 2449 1252 2500 acatalectus

143 2556 163 2565 —
192 2528 286 2581 626
317 2531 381 2582 ad
414 2531 520 2582 634
548 2531 722 2582 cretici
755 2533 1032 2582 tetrametri
1063 2532 1323 2584 acatalecti

146 2639 166 2648 -
193 2610 286 2662 635
316 2616 624 2681 compositus
656 2630 721 2665 ex
758 2614 956 2665 duabus
988 2616 1261 2667 trochaicis
1299 2615 1533 2683 tripodiis
1564 2618 1875 2670 utalecticis

141 2721 161 2730 ·
193 2693 287 2746 636
315 2697 562 2748 iambicus
599 2699 947 2760 quaternarius

142 2803 163 2813 -
192 2775 284 2827 637
314 2785 361 2829 et
388 2779 491 2832 638
522 2780 784 2831 bacchiaci
811 2783 1087 2832 tetrametri
1126 2783 1388 2834 acatalectl

140 2886 159 2896 ·
187 2859 281 2912 639
309 2869 357 2912 et
388 2863 492 2917 640
519 2863 764 2914 trochaici
793 2866 1069 2931 septenarii

141 2970 159 2979 ·
189 2942 278 2993 641
307 2952 353 2995 et
380 2945 481 2998 642
520 2947 727 2997 iambici
757 2949 1000 2998 octonarii

139 3051 159 3060 -
189 3024 282 3076 643
316 3029 381 3078 ad
413 3029 515 3080 649
545 3030 791 3080 trochaici
823 3032 1099 3096 septenarii

139 3135 160 3143 -
188 3109 280 3162 650
314 3113 378 3164 ad
408 3114 511 3167 654
539 3115 747 3166 iambici
772 3117 1016 3167 octonarii

141 3217 159 3225 ·
189 3190 280 3243 655
315 3196 378 3245 ad
407 3196 505 3248 681
539 3198 747 3249 iambici
781 3201 971 3250 senarii

141 3299 162 3308 ·
192 3271 284 3325 682
311 3286 357 3327 et
388 3279 489 3332 683
527 3282 729 3332 iambici
768 3284 1011 3332 octonarii

149 3381 163 3389 ·
193 3353 284 3407 684
317 3363 380 3410 ad
414 3363 512 3415 715
543 3365 749 3415 iambici
782 3365 1056 3430 septenarii

147 3462 165 3470 -
195 3438 286 3490 716
319 3443 384 3492 ad
418 3443 518 3496 819
548 3446 760 3496 iambici
793 3445 983 3497 senarii

161 3544 167 3550 ·
198 3516 290 3571 820
320 3524 382 3574 ad
408 3524 511 3578 856
545 3527 788 3578 trochaici
820 3530 1091 3594 septenarii

2025 299 2108 367 61
