2575 4050
735 318 1135 392 scmrmvnan
1180 318 1626 362 BERTLEIANAB
2064 316 2157 362 XV

326 478 431 534 309
465 468 790 528 utilitatem
820 469 885 527 in
917 486 991 527 ea
1023 486 1091 526 re
1128 467 1350 527 faciam
1517 477 1621 531 312
1656 469 1805 530 Siue
1835 468 1989 529 adeo

147 563 258 617 316
311 550 665 611 Tamenetsi
704 551 867 611 bona
920 551 1138 610 natura
1193 558 1287 610 est
1454 552 1705 611 iunceas
1872 561 1975 616 319
2015 552 2155 630 [ΡΑ.

145 636 302 696 Flos
333 636 486 713 ipse.
526 631 666 714 em]
696 634 878 694 Hanc
907 635 974 694 tui
1143 642 1246 696 322
1276 653 1398 714 qua
1438 633 1673 695 ratione
1703 635 1872 695 illam
1915 634 2157 696 amisti?

324 727 430 783 328
465 718 723 778 Nostine
742 717 774 776 ⁴?
943 725 1044 787 341
1084 715 1259 795 dicit]
1302 715 1569 796 loquitur
1735 727 1836 782 345
1868 718 2012 778 data
2049 719 2152 778 do·

26 840 27 861 2
147 811 300 864 nost
468 809 572 865 349
617 802 819 862 nostin
873 820 1099 880 quaeso
1156 799 1256 860 dic
1315 801 1494 872 mihi,
1552 809 1656 861 aut
1822 812 1923 866 355
1966 804 2155 862 Immo

151 887 316 946 enim
358 887 412 946 si
581 884 737 945 dono
788 884 932 944 huic
1096 892 1202 947 363
1256 882 1543 943 adiutabo
1712 892 1815 948 372
1864 885 1987 944 illis

26 986 29 989 ’
148 978 220 1029 tu
255 990 366 1028 om.
537 977 638 1033 375
682 976 884 1028 aetate
915 969 1050 1047 ipse
1083 986 1148 1026 es
1318 974 1422 1032 376
1447 967 1625 1025 Dixti
1654 968 1937 1047 pulchre:
1982 971 2153 1029 mim·

26 1086 29 1089 -
151 1072 337 1134 quam
506 1061 610 1117 384
650 1050 966 1131 despicatu
1036 1086 1039 1089 -
1133 1059 1236 1114 386
1278 1050 1382 1109 An
1421 1051 1625 1128 potius
1675 1070 1787 1129 par
1829 1059 2013 1130 atque
2052 1054 2152 1112 ae-

152 1157 339 1218 quum
371 1144 492 1211 est,
523 1144 697 1215 pater
716 1143 786 1195 ut
811 1135 849 1194 a
879 1153 977 1194 me
1146 1142 1250 1198 388
1279 1134 1502 1192 faciam
1672 1144 1774 1199 389
1799 1134 1915 1195 Cn.
1954 1134 2152 1210 iubeo,

151 1240 305 1298 cogo
320 1264 335 1294 ‚
380 1228 566 1299 atque
731 1227 834 1282 390
877 1217 1184 1295 defugiam
1352 1226 1456 1282 394
1493 1218 1613 1277 huc
1780 1227 1885 1281 400
1919 1219 2032 1297 ι<1ιιί
2062 1221 2155 1279 sal

147 1304 342 1363 habet
509 1309 613 1366 402
665 1321 877 1361 uerum
1043 1310 1148 1365 409
1206 1301 1569 1360 hominumst
1732 1310 1837 1365 416
1888 1301 2154 1363 Pulchre

149 1387 458 1447 mehercle
592 1393 728 1457 ,422
767 1385 968 1446 milies
1006 1385 1126 1444 iam
1169 1384 1380 1444 audiui
1546 1392 1649 1448 425
1690 1386 1959 1446 inritare.
2004 1385 2145 1465 quid

150 1471 316 1548 agis,
347 1469 577 1530 homini
605 1471 852 1549 inquam
1016 1476 1123 1532 428
1148 1467 1352 1526 Tuum
1383 1467 1631 1526 obsecro
1660 1487 1738 1528 ne
1768 1469 1882 1528 hoc
2049 1478 2151 1532 443

150 1552 438 1628 Cantum,
481 1562 576 1627 tu,
618 1571 1016 1630 prouocemus
1184 1560 1287 1614 445
1330 1549 1463 1629 pro]
1506 1559 1574 1610 tu
1741 1559 1846 1614 453
1876 1558 2006 1612 tute
2028 1572 2142 1612 me-

146 1637 264 1698 lius
308 1632 558 1718 quanto]
606 1644 710 1695 aut
747 1635 965 1696 melius
1018 1643 1149 1694 tute
1319 1643 1424 1698 460
1463 1633 1794 1695 Abdomini
1838 1635 2001 1694 hunc
2043 1656 2147 1695 na-

147 1729 275 1779 tum
311 1720 499 1779 dscas.
669 1727 774 1782 468
796 1719 1020 1778 nostris
1104 1763 1108 1767 -
1188 1726 1293 1781 472
1324 1717 1549 1778 accede
1569 1718 1708 1777 huc.
1739 1717 1879 1778 hem
2046 1728 2152 1783 474

144 1803 438 1863 honestus
477 1811 570 1862 est
733 1810 837 1865 485
864 1811 991 1863 tum
1028 1804 1081 1862 si
1246 1809 1351 1866 489
1375 1801 1537 1861 infra
1579 1820 1712 1862 esse
1880 1812 1986 1866 493
2013 1823 2148 1881 pos·

26 1916 29 1923 ·
142 1894 247 1945 tea
415 1894 520 1949 496
557 1886 733 1946 simia
777 1904 844 1944 es
1010 1893 1115 1949 498
1151 1886 1215 1944 in
1255 1892 1521 1944 mentem
1565 1905 1697 1944 cum
1864 1896 1966 1948 501
1994 1887 2151 1946 forte

143 1969 262 2029 huc
311 1968 602 2030 Chremes
769 1977 873 2032 506
909 1969 1095 2029 Domi
1147 1976 1214 2029 ut
1266 1969 1401 2029 sitis
1568 1978 1672 2034 509
1714 1968 1791 2029 ab
1835 1988 1909 2029 ea
1952 1977 2147 2031 astute

143 2053 330 2113 uideo
498 2063 599 2116 511
640 2073 774 2113 cum
797 2071 892 2111 ’θα
1060 2061 1164 2115 514
1193 2061 1327 2114 erat
1367 2061 1493 2111 tum
1661 2062 1764 2116 519
1790 2053 1979 2113 Sunio

26 2177 27 2182 κ
142 2145 246 2198 522
289 2135 511 2217 ecquid
551 2135 866 2196 habuisset
1033 2144 1136 2197 525
1173 2144 1241 2193 ut
1274 2143 1368 2195 est
1530 2143 1635 2197 529
1665 2132 1813 2214 quid
1851 2136 1981 2193 uolt

142 2228 247 2282 538
291 2218 491 2280 deduc
659 2229 762 2283 539
807 2219 1052 2277 coiimus
1223 2226 1325 2280 545
1369 2226 1465 2277 set
1507 2220 1783 2296 qussnam
1826 2237 1865 2276 a
1906 2216 2148 2278 Thaide

145 2301 320 2361 exit?
488 2312 593 2365 550
630 2302 749 2363 hoc
789 2301 938 2361 mihi
977 2298 1171 2360 licet?
1211 2303 1321 2379 pro
1361 2319 1639 2380 supreme
1671 2300 1980 2380 Iuppiter!

141 2394 244 2448 559
282 2404 367 2461 sq.
415 2384 582 2464 Quid
623 2393 743 2459 est,
798 2383 962 2464 quod
1000 2385 1202 2444 laetus
1246 2382 1358 2444 es?
1416 2382 1565 2462 quid
1601 2382 1714 2443 tibi
1752 2383 1893 2443 uis?
1952 2384 2148 2444 satine

26 2513 27 2540 3
142 2469 343 2528 sanu's
362 2467 395 2526 ⁴?
417 2468 564 2548 quid
592 2489 688 2529 me
723 2466 1049 2548 aspectas?
1086 2464 1098 2532 Ι
1137 2466 1304 2545 Quid
1327 2467 1493 2528 dices
1510 2465 1541 2525 Ῥ
1569 2466 1682 2528 Cn.
1710 2487 1743 2526 o
1766 2467 1959 2528 festus
1979 2467 2145 2528 dics!

26 2611 29 2618 ,
142 2571 176 2610 o
201 2552 373 2612 meus
402 2554 665 2613 amicust
699 2552 906 2613 salue:
1078 2561 1178 2616 561
1206 2552 1405 2612 Nemo
1439 2551 1792 2625 omniumst,
1825 2571 2003 2631 quem
2032 2571 2145 2629 ego

26 2705 27 2708 Ἴ
139 2636 302 2695 minc
322 2637 514 2715 magis
533 2635 745 2695 uidere
772 2652 1053 2714 cuperem
1220 2643 1324 2698 562
1346 2634 1425 2694 sit
1579 2630 1706 2714 oro]
1729 2634 1978 2695 obsecro

122 2713 239 2781 ’565
298 2719 426 2779 eius
483 2718 630 2800 quid
685 2738 797 2796 ego
967 2727 1071 2783 566
1116 2734 1208 2778 me
1260 2719 1403 2796 ipse.
1565 2726 1668 2780 569
1712 2717 1904 2776 frater
1947 2718 2147 2777 fuerat

305 2809 410 2866 572
445 2823 581 2862 cum
611 2800 707 2879 eo]
751 2821 885 2861 cum
918 2802 1024 2860 illo
1192 2808 1298 2865 573
1324 2809 1394 2860 ut
1424 2820 1503 2860 ex
1534 2820 1607 2860 ea
1634 2820 1702 2860 re
1730 2798 1979 2859 tandem

138 2891 240 2948 574
272 2887 518 2964 quicum
685 2892 790 2947 584
817 2880 924 2964 ibi]
961 2884 1066 2943 ubi
1237 2894 1344 2947 588
1363 2885 1429 2943 in
1463 2884 1723 2963 pretium
1755 2884 2145 2960 conuertisse,

26 2967 29 3040 ’ς
141 2974 200 3025 et
223 2988 338 3046 per
368 2969 602 3028 alienas
771 2977 875 3032 589
907 2968 1284 3027 clanculum:
1318 2987 1428 3046 per
1460 2967 1731 3045 pluuiam
1899 2977 1998 3031 591
2025 2987 2146 3026 non

26 3057 29 3106 k
138 3050 433 3110 fecerim?
477 3070 592 3129 ego
621 3070 768 3111 uero
806 3050 961 3110 sslud
989 3051 1240 3111 fecerim
1285 3049 1359 3109 ac
1386 3050 1603 3110 lubens
1772 3060 1878 3116 593
1919 3070 2054 3111 eam
2083 3052 2147 3109 in

26 3149 27 3152 ’
137 3131 360 3194 lectum
402 3134 548 3194 sslae
588 3134 976 3194 conlocarunt
1145 3144 1246 3198 595
1293 3142 1354 3193 et
1400 3133 1717 3192 uentulum
1884 3143 1989 3196 604
2031 3131 2144 3193 Cn.

26 3213 29 3252 ²
139 3216 282 3293 quid
342 3216 513 3276 tum?
577 3217 725 3296 quid
893 3226 998 3281 606
1061 3219 1165 3298 qui
1223 3215 1635 3276 adsimulabat
1804 3226 1909 3280 610
1961 3216 2143 3275 exulo

26 3293 29 3330 ἱ
141 3297 310 3358 domo
480 3309 582 3363 611
616 3309 856 3379 patrem
942 3372 958 3394 Ι
1024 3309 1124 3365 617
1173 3300 1335 3359 Nam
1367 3307 1686 3378 postquam
1726 3300 1843 3359 iste
1874 3298 2141 3357 aduene-

26 3435 29 3442 ›
137 3405 227 3456 rat
254 3395 615 3458 adulescens
785 3407 889 3461 622
918 3397 1275 3458 Inuitatust.
1306 3397 1546 3457 mansit.
1717 3392 1883 3475 ilico]
1922 3395 2144 3474 occipit

28 3485 29 3488 ’
299 3488 405 3543 623
432 3488 650 3558 putans
820 3490 924 3546 624
943 3499 1025 3556 sq.
1053 3480 1268 3542 Uoluit
1297 3480 1503 3540 facere
1528 3483 1740 3541 contra
1759 3480 1901 3539 huic
1925 3497 2139 3556 aegre:

139 3574 316 3649 heus,
350 3578 579 3655 inquit,
622 3597 801 3657 puer,
847 3579 898 3652 i,
941 3576 1324 3656 Pamphilam
1362 3573 1372 3657 1
1409 3573 1720 3651 A'dcerse,
1765 3585 1833 3637 ut
1875 3576 2142 3637 delectet
