<?xml version="1.0" encoding="UTF-8"?>
<!DOCTYPE html PUBLIC "-//W3C//DTD XHTML 1.0 Transitional//EN"
    "http://www.w3.org/TR/xhtml1/DTD/xhtml1-transitional.dtd">
<html xmlns="http://www.w3.org/1999/xhtml" xml:lang="en" lang="en">
 <head>
  <title>
</title>
<meta http-equiv="Content-Type" content="text/html;charset=utf-8" />
  <meta name='ocr-system' content='tesseract 3.04.00' />
  <meta name='ocr-capabilities' content='ocr_page ocr_carea ocr_par ocr_line ocrx_word'/>
</head>
<body>
  <div class='ocr_page' id='page_1' title='image "./pterenticomoedi00unkngoog_0022.png"; bbox 0 0 2575 4050; ppageno 0'>
   <div class='ocr_carea' id='block_1_1' title="bbox 314 337 1565 387">
    <p class='ocr_par' dir='ltr' id='par_1_1' title="bbox 314 337 1565 387">
     <span class='ocr_line' id='line_1_1' title="bbox 314 337 1565 387; baseline 0.002 -3"><span class='ocrx_word' id='word_1_1' title='bbox 314 337 435 385; x_wconf 86' lang='lat' dir='ltr'><strong><em>XIV</em></strong></span> <span class='ocrx_word' id='word_1_2' title='bbox 1082 343 1565 387; x_wconf 70' lang='lat' dir='ltr'>DISOREPANTIA</span> 
     </span>
    </p>
   </div>
   <div class='ocr_carea' id='block_1_2' title="bbox 311 490 2458 1576">
    <p class='ocr_par' dir='ltr' id='par_1_2' title="bbox 312 490 2332 659">
     <span class='ocr_line' id='line_1_2' title="bbox 312 490 2332 575; baseline 0.003 -24"><span class='ocrx_word' id='word_1_3' title='bbox 312 500 463 572; x_wconf 83' lang='lat' dir='ltr'><strong><em>gunt</em></strong></span> <span class='ocrx_word' id='word_1_4' title='bbox 629 499 729 556; x_wconf 90' lang='grc'><strong><em>977</em></strong></span> <span class='ocrx_word' id='word_1_5' title='bbox 773 492 944 552; x_wconf 86' lang='lat' dir='ltr'><strong><em>illum</em></strong></span> <span class='ocrx_word' id='word_1_6' title='bbox 985 490 1102 573; x_wconf 89' lang='lat' dir='ltr'><strong><em>me]</em></strong></span> <span class='ocrx_word' id='word_1_7' title='bbox 1149 512 1260 553; x_wconf 88' lang='lat' dir='ltr'><strong><em>nos</em></strong></span> <span class='ocrx_word' id='word_1_8' title='bbox 1300 493 1468 553; x_wconf 84' lang='lat' dir='ltr'><strong><em>illum</em></strong></span> <span class='ocrx_word' id='word_1_9' title='bbox 1636 503 1741 558; x_wconf 91' lang='grc'><strong><em>978</em></strong></span> <span class='ocrx_word' id='word_1_10' title='bbox 1790 514 1909 554; x_wconf 86' lang='lat' dir='ltr'><strong><em>me.</em></strong></span> <span class='ocrx_word' id='word_1_11' title='bbox 1952 495 2116 554; x_wconf 85' lang='lat' dir='ltr'><strong><em>intus</em></strong></span> <span class='ocrx_word' id='word_1_12' title='bbox 2162 495 2332 575; x_wconf 63' lang='lat' dir='ltr'><strong><em>dpud</em></strong></span> 
     </span>
     <span class='ocr_line' id='line_1_3' title="bbox 315 575 2158 659; baseline 0.001 -22"><span class='ocrx_word' id='word_1_13' title='bbox 315 575 666 659; x_wconf 77' lang='lat' dir='ltr'><strong>Glycerium</strong></span> <span class='ocrx_word' id='word_1_14' title='bbox 687 578 850 635; x_wconf 78' lang='lat' dir='ltr'><strong><em>minc</em></strong></span> <span class='ocrx_word' id='word_1_15' title='bbox 871 585 982 637; x_wconf 78' lang='lat' dir='ltr'><strong><em>est.</em></strong></span> <span class='ocrx_word' id='word_1_16' title='bbox 1008 585 1102 650; x_wconf 74' lang='lat' dir='ltr'><strong><em>m,</em></strong></span> <span class='ocrx_word' id='word_1_17' title='bbox 1132 577 1313 636; x_wconf 88' lang='lat' dir='ltr'><strong><em>Daue</em></strong></span> <span class='ocrx_word' id='word_1_18' title='bbox 1482 587 1584 642; x_wconf 87' lang='grc'><strong><em>979</em></strong></span> <span class='ocrx_word' id='word_1_19' title='bbox 1605 578 1877 657; x_wconf 88' lang='lat' dir='ltr'><strong><em>Propere</em></strong></span> <span class='ocrx_word' id='word_1_20' title='bbox 1902 577 2158 639; x_wconf 88' lang='lat' dir='ltr'><strong><em>adcerse</em></strong></span> 
     </span>
    </p>

    <p class='ocr_par' dir='ltr' id='par_1_3' title="bbox 311 659 2458 1492">
     <span class='ocr_line' id='line_1_4' title="bbox 312 659 2335 739; baseline -0 -15"><span class='ocrx_word' id='word_1_21' title='bbox 312 670 414 724; x_wconf 88' lang='lat'><strong>981</strong></span> <span class='ocrx_word' id='word_1_22' title='bbox 460 659 732 720; x_wconf 72' lang='lat' dir='ltr'><strong><em>GAN&#39;ron</em></strong></span> <span class='ocrx_word' id='word_1_23' title='bbox 774 680 880 720; x_wconf 86' lang='lat' dir='ltr'><strong><em>om.</em></strong></span> <span class='ocrx_word' id='word_1_24' title='bbox 1053 663 1163 731; x_wconf 83' lang='lat' dir='ltr'><strong><em>Qui</em></strong></span> <span class='ocrx_word' id='word_1_25' title='bbox 1184 666 1430 736; x_wconf 73' lang='lat' dir='ltr'><strong><em>sequitur</em></strong></span> <span class='ocrx_word' id='word_1_26' title='bbox 1466 662 1622 723; x_wconf 81' lang='lat' dir='ltr'><strong><em>alter</em></strong></span> <span class='ocrx_word' id='word_1_27' title='bbox 1663 664 1864 723; x_wconf 81' lang='lat' dir='ltr'><strong><em>exitus</em></strong></span> <span class='ocrx_word' id='word_1_28' title='bbox 1907 661 2185 723; x_wconf 85' lang='lat' dir='ltr'><strong><em>Andriae</em></strong></span> <span class='ocrx_word' id='word_1_29' title='bbox 2202 709 2218 739; x_wconf 91' lang='lat'><strong><em>,</em></strong></span> <span class='ocrx_word' id='word_1_30' title='bbox 2265 667 2335 723; x_wconf 85' lang='lat' dir='ltr'><strong><em>de</em></strong></span> 
     </span>
     <span class='ocr_line' id='line_1_5' title="bbox 313 745 2333 822; baseline 0.001 -18"><span class='ocrx_word' id='word_1_31' title='bbox 313 763 376 804; x_wconf 90' lang='lat' dir='ltr'><strong><em>eo</em></strong></span> <span class='ocrx_word' id='word_1_32' title='bbox 406 751 561 802; x_wconf 79' lang='lat' dir='ltr'><strong><em>extat</em></strong></span> <span class='ocrx_word' id='word_1_33' title='bbox 581 748 887 803; x_wconf 78' lang='lat' dir='ltr'><strong><em>dissertatio</em></strong></span> <span class='ocrx_word' id='word_1_34' title='bbox 909 745 1195 804; x_wconf 85' lang='lat' dir='ltr'><strong><em>Ritschelii</em></strong></span> <span class='ocrx_word' id='word_1_35' title='bbox 1208 762 1500 820; x_wconf 75' lang='lat' dir='ltr'><strong><em>pareryon</em></strong></span> <span class='ocrx_word' id='word_1_36' title='bbox 1522 751 1622 806; x_wconf 85' lang='lat' dir='ltr'><strong><em>vot.</em></strong></span> <span class='ocrx_word' id='word_1_37' title='bbox 1655 749 1697 805; x_wconf 95' lang='lat' dir='ltr'><strong><em>I</em></strong></span> <span class='ocrx_word' id='word_1_38' title='bbox 1703 765 1774 822; x_wconf 88' lang='lat' dir='ltr'><strong><em>p.</em></strong></span> <span class='ocrx_word' id='word_1_39' title='bbox 1801 752 1919 805; x_wconf 79' lang='lat'><strong><em>583</em></strong></span> <span class='ocrx_word' id='word_1_40' title='bbox 1939 764 2059 821; x_wconf 80' lang='lat' dir='ltr'><strong><em>sqq.</em></strong></span> <span class='ocrx_word' id='word_1_41' title='bbox 2086 752 2303 807; x_wconf 80' lang='lat' dir='ltr'><strong><em>inserta</em></strong></span> <span class='ocrx_word' id='word_1_42' title='bbox 2318 775 2333 806; x_wconf 86' lang='lat'><strong><em>.-</em></strong></span> 
     </span>
     <span class='ocr_line' id='line_1_6' title="bbox 312 830 2333 910; baseline 0.001 -23"><span class='ocrx_word' id='word_1_43' title='bbox 312 847 422 905; x_wconf 78' lang='lat' dir='ltr'><strong><em>qua</em></strong></span> <span class='ocrx_word' id='word_1_44' title='bbox 464 846 586 895; x_wconf 84' lang='lat' dir='ltr'><strong><em>cum</em></strong></span> <span class='ocrx_word' id='word_1_45' title='bbox 616 830 754 886; x_wconf 84' lang='lat' dir='ltr'><strong><em>haec</em></strong></span> <span class='ocrx_word' id='word_1_46' title='bbox 780 845 987 886; x_wconf 82' lang='lat' dir='ltr'><strong><em>scaena</em></strong></span> <span class='ocrx_word' id='word_1_47' title='bbox 1018 836 1072 886; x_wconf 78' lang='lat' dir='ltr'><strong><em>et</em></strong></span> <span class='ocrx_word' id='word_1_48' title='bbox 1102 831 1351 886; x_wconf 84' lang='lat' dir='ltr'><strong><em>Andriae</em></strong></span> <span class='ocrx_word' id='word_1_49' title='bbox 1380 838 1433 887; x_wconf 83' lang='lat' dir='ltr'><strong><em>et</em></strong></span> <span class='ocrx_word' id='word_1_50' title='bbox 1460 834 1768 904; x_wconf 74' lang='lat' dir='ltr'><strong><em>antiquitati</em></strong></span> <span class='ocrx_word' id='word_1_51' title='bbox 1792 833 2064 888; x_wconf 83' lang='lat' dir='ltr'><strong><em>vindicata</em></strong></span> <span class='ocrx_word' id='word_1_52' title='bbox 2093 834 2170 889; x_wconf 80' lang='lat' dir='ltr'><strong><em>sit</em></strong></span> <span class='ocrx_word' id='word_1_53' title='bbox 2199 831 2333 910; x_wconf 85' lang='lat' dir='ltr'><strong><em>(po-</em></strong></span> 
     </span>
     <span class='ocr_line' id='line_1_7' title="bbox 313 913 2458 988; baseline 0.001 -17"><span class='ocrx_word' id='word_1_54' title='bbox 313 919 457 971; x_wconf 82' lang='lat' dir='ltr'><strong><em>terat</em></strong></span> <span class='ocrx_word' id='word_1_55' title='bbox 499 913 832 970; x_wconf 85' lang='lat' dir='ltr'><strong><em>Ritschelius</em></strong></span> <span class='ocrx_word' id='word_1_56' title='bbox 863 933 930 986; x_wconf 87' lang='lat' dir='ltr'><strong><em>p.</em></strong></span> <span class='ocrx_word' id='word_1_57' title='bbox 966 918 1086 970; x_wconf 79' lang='lat'><strong><em>585</em></strong></span> <span class='ocrx_word' id='word_1_58' title='bbox 1112 915 1322 970; x_wconf 81' lang='lat' dir='ltr'><strong><em>Donati</em></strong></span> <span class='ocrx_word' id='word_1_59' title='bbox 1347 923 1398 971; x_wconf 81' lang='lat' dir='ltr'><strong><em>et</em></strong></span> <span class='ocrx_word' id='word_1_60' title='bbox 1431 915 1751 988; x_wconf 74' lang='lat' dir='ltr'><strong><em>Euqraphii</em></strong></span> <span class='ocrx_word' id='word_1_61' title='bbox 1788 918 2081 972; x_wconf 77' lang='lat' dir='ltr'><strong><em>memoriae</em></strong></span> <span class='ocrx_word' id='word_1_62' title='bbox 2120 918 2337 973; x_wconf 83' lang='lat' dir='ltr'><strong><em>addere</em></strong></span> <span class='ocrx_word' id='word_1_63' title='bbox 2439 975 2458 982; x_wconf 70' lang='grc'>,</span> 
     </span>
     <span class='ocr_line' id='line_1_8' title="bbox 315 998 2339 1093; baseline 0 -37"><span class='ocrx_word' id='word_1_64' title='bbox 315 1000 375 1056; x_wconf 83' lang='grc'><strong><em>0.</em></strong></span> <span class='ocrx_word' id='word_1_65' title='bbox 418 998 723 1070; x_wconf 87' lang='lat' dir='ltr'><strong><em>Sulpicium</em></strong></span> <span class='ocrx_word' id='word_1_66' title='bbox 758 998 1165 1070; x_wconf 80' lang='lat' dir='ltr'><strong><em>Apollinarem,</em></strong></span> <span class='ocrx_word' id='word_1_67' title='bbox 1222 1001 1320 1070; x_wconf 81' lang='lat' dir='ltr'><strong><em>qui</em></strong></span> <span class='ocrx_word' id='word_1_68' title='bbox 1370 1000 1520 1070; x_wconf 80' lang='lat' dir='ltr'><strong><em>quod</em></strong></span> <span class='ocrx_word' id='word_1_69' title='bbox 1556 1000 1864 1071; x_wconf 77' lang='lat' dir='ltr'><strong><em>periochae</em></strong></span> <span class='ocrx_word' id='word_1_70' title='bbox 1898 1016 1948 1055; x_wconf 85' lang='lat' dir='ltr'><strong><em>v.</em></strong></span> <span class='ocrx_word' id='word_1_71' title='bbox 2000 1004 2073 1056; x_wconf 87' lang='lat'><strong><em>12</em></strong></span> <span class='ocrx_word' id='word_1_72' title='bbox 2107 1003 2339 1093; x_wconf 78' lang='lat' dir='ltr'><strong><em>scripsit</em></strong></span> 
     </span>
     <span class='ocr_line' id='line_1_9' title="bbox 316 1072 2337 1156; baseline 0.001 -19"><span class='ocrx_word' id='word_1_73' title='bbox 316 1080 496 1137; x_wconf 84' lang='lat' dir='ltr'><strong><em>aliam</em></strong></span> <span class='ocrx_word' id='word_1_74' title='bbox 538 1078 577 1137; x_wconf 98' lang='lat' dir='ltr'><strong><em>d</em></strong></span> <span class='ocrx_word' id='word_1_75' title='bbox 593 1088 668 1138; x_wconf 85' lang='lat' dir='ltr'><strong><em>at</em></strong></span> <span class='ocrx_word' id='word_1_76' title='bbox 710 1076 974 1138; x_wconf 78' lang='lat' dir='ltr'><strong><em>Charino</em></strong></span> <span class='ocrx_word' id='word_1_77' title='bbox 1020 1078 1368 1156; x_wconf 87' lang='lat' dir='ltr'><strong><em>coniugem,</em></strong></span> <span class='ocrx_word' id='word_1_78' title='bbox 1411 1099 1523 1137; x_wconf 88' lang='lat' dir='ltr'><strong><em>non</em></strong></span> <span class='ocrx_word' id='word_1_79' title='bbox 1556 1081 1784 1154; x_wconf 80' lang='lat' dir='ltr'><strong><em>fecisset</em></strong></span> <span class='ocrx_word' id='word_1_80' title='bbox 1818 1084 2044 1155; x_wconf 86' lang='lat' dir='ltr'><strong><em>opinor,</em></strong></span> <span class='ocrx_word' id='word_1_81' title='bbox 2082 1086 2195 1139; x_wconf 86' lang='lat' dir='ltr'><strong><em>nisi</em></strong></span> <span class='ocrx_word' id='word_1_82' title='bbox 2233 1072 2337 1140; x_wconf 91' lang='lat' dir='ltr'><strong><em>hos</em></strong></span> 
     </span>
     <span class='ocr_line' id='line_1_10' title="bbox 313 1161 2337 1240; baseline 0.001 -18"><span class='ocrx_word' id='word_1_83' title='bbox 313 1166 611 1222; x_wconf 84' lang='lat' dir='ltr'><strong><em>versiculos</em></strong></span> <span class='ocrx_word' id='word_1_84' title='bbox 649 1171 776 1220; x_wconf 86' lang='lat' dir='ltr'><strong><em>ante</em></strong></span> <span class='ocrx_word' id='word_1_85' title='bbox 819 1165 1001 1220; x_wconf 88' lang='lat' dir='ltr'><strong><em>oculos</em></strong></span> <span class='ocrx_word' id='word_1_86' title='bbox 1030 1161 1365 1240; x_wconf 77' lang='lat' dir='ltr'><strong><em>habuisset),</em></strong></span> <span class='ocrx_word' id='word_1_87' title='bbox 1400 1182 1512 1221; x_wconf 87' lang='lat' dir='ltr'><strong><em>non</em></strong></span> <span class='ocrx_word' id='word_1_88' title='bbox 1546 1167 1785 1223; x_wconf 77' lang='lat' dir='ltr'><strong><em>dubitavi</em></strong></span> <span class='ocrx_word' id='word_1_89' title='bbox 1808 1182 1927 1223; x_wconf 89' lang='lat' dir='ltr'><strong><em>eam</em></strong></span> <span class='ocrx_word' id='word_1_90' title='bbox 1960 1169 2071 1239; x_wconf 88' lang='lat' dir='ltr'><strong><em>ipsi</em></strong></span> <span class='ocrx_word' id='word_1_91' title='bbox 2103 1167 2337 1240; x_wconf 78' lang='lat' dir='ltr'><strong><em>fabulae</em></strong></span> 
     </span>
     <span class='ocr_line' id='line_1_11' title="bbox 311 1247 2333 1322; baseline 0.001 -17"><span class='ocrx_word' id='word_1_92' title='bbox 311 1249 652 1321; x_wconf 61' lang='lat' dir='ltr'><strong><em>subiungere.</em></strong></span> <span class='ocrx_word' id='word_1_93' title='bbox 695 1247 855 1320; x_wconf 83' lang='lat' dir='ltr'><strong><em>infra</em></strong></span> <span class='ocrx_word' id='word_1_94' title='bbox 895 1249 1133 1322; x_wconf 84' lang='lat' dir='ltr'><strong><em>apposui</em></strong></span> <span class='ocrx_word' id='word_1_95' title='bbox 1166 1249 1597 1321; x_wconf 77' lang='lat' dir='ltr'><strong><em>discrepantiam</em></strong></span> <span class='ocrx_word' id='word_1_96' title='bbox 1642 1253 1959 1322; x_wconf 79' lang='lat' dir='ltr'><strong><em>scripturae</em></strong></span> <span class='ocrx_word' id='word_1_97' title='bbox 2001 1249 2333 1307; x_wconf 82' lang='lat' dir='ltr'><strong><em>Ritschelia·</em></strong></span> 
     </span>
     <span class='ocr_line' id='line_1_12' title="bbox 312 1323 2337 1412; baseline 0.003 -25"><span class='ocrx_word' id='word_1_98' title='bbox 312 1347 422 1387; x_wconf 86' lang='lat' dir='ltr'><strong><em>nae</em></strong></span> <span class='ocrx_word' id='word_1_99' title='bbox 523 1337 628 1391; x_wconf 86' lang='lat'><strong>983</strong></span> <span class='ocrx_word' id='word_1_100' title='bbox 680 1327 844 1388; x_wconf 86' lang='lat' dir='ltr'><strong><em>Dedi</em></strong></span> <span class='ocrx_word' id='word_1_101' title='bbox 901 1347 1145 1407; x_wconf 81' lang='lat' dir='ltr'><strong><em>operam</em></strong></span> <span class='ocrx_word' id='word_1_102' title='bbox 1314 1340 1417 1394; x_wconf 86' lang='lat'><strong>985</strong></span> <span class='ocrx_word' id='word_1_103' title='bbox 1471 1332 1602 1389; x_wconf 85' lang='lat' dir='ltr'><strong><em>uita</em></strong></span> <span class='ocrx_word' id='word_1_104' title='bbox 1657 1327 1868 1412; x_wconf 89' lang='lat' dir='ltr'><strong><em>[nunc]</em></strong></span> <span class='ocrx_word' id='word_1_105' title='bbox 1932 1349 2058 1390; x_wconf 84' lang='lat' dir='ltr'><strong><em>sors</em></strong></span> <span class='ocrx_word' id='word_1_106' title='bbox 2230 1323 2337 1397; x_wconf 89' lang='lat'><strong><em>990</em></strong></span> 
     </span>
     <span class='ocr_line' id='line_1_13' title="bbox 312 1408 2161 1492; baseline 0 -18"><span class='ocrx_word' id='word_1_107' title='bbox 312 1414 456 1474; x_wconf 77' lang='lat' dir='ltr'><strong><em>Non</em></strong></span> <span class='ocrx_word' id='word_1_108' title='bbox 503 1408 775 1492; x_wconf 88' lang='lat' dir='ltr'><strong><em>[iuberet]</em></strong></span> <span class='ocrx_word' id='word_1_109' title='bbox 814 1413 1079 1492; x_wconf 68' lang='lat' dir='ltr'><strong><em>aliquam</em></strong></span> <span class='ocrx_word' id='word_1_110' title='bbox 1106 1421 1342 1490; x_wconf 84' lang='lat' dir='ltr'><strong><em>partem</em></strong></span> <span class='ocrx_word' id='word_1_111' title='bbox 1373 1416 1468 1473; x_wconf 78' lang='lat' dir='ltr'><strong><em>sui</em></strong></span> <span class='ocrx_word' id='word_1_112' title='bbox 1507 1414 1747 1475; x_wconf 81' lang='lat' dir='ltr'><strong><em>traduci</em></strong></span> <span class='ocrx_word' id='word_1_113' title='bbox 1777 1414 1855 1473; x_wconf 89' lang='lat' dir='ltr'><strong><em>ad</em></strong></span> <span class='ocrx_word' id='word_1_114' title='bbox 1887 1412 2161 1474; x_wconf 75' lang='lat' dir='ltr'><strong><em>liberos?</em></strong></span> 
     </span>
    </p>

    <p class='ocr_par' dir='ltr' id='par_1_4' title="bbox 313 1493 1695 1576">
     <span class='ocr_line' id='line_1_14' title="bbox 313 1493 1695 1576; baseline -0.001 -17"><span class='ocrx_word' id='word_1_115' title='bbox 313 1505 416 1561; x_wconf 94' lang='grc'><strong><em>992</em></strong></span> <span class='ocrx_word' id='word_1_116' title='bbox 456 1493 684 1576; x_wconf 82' lang='lat' dir='ltr'><strong><em>atque]</em></strong></span> <span class='ocrx_word' id='word_1_117' title='bbox 703 1508 766 1556; x_wconf 85' lang='lat' dir='ltr'><strong><em>et</em></strong></span> <span class='ocrx_word' id='word_1_118' title='bbox 933 1506 1038 1560; x_wconf 87' lang='lat'><strong><em>993</em></strong></span> <span class='ocrx_word' id='word_1_119' title='bbox 1081 1497 1343 1556; x_wconf 89' lang='lat' dir='ltr'><strong><em>omnium</em></strong></span> <span class='ocrx_word' id='word_1_120' title='bbox 1388 1498 1695 1557; x_wconf 81' lang='lat' dir='ltr'><strong><em>carissime</em></strong></span> 
     </span>
    </p>
   </div>
   <div class='ocr_carea' id='block_1_3' title="bbox 318 1658 2569 3665">
    <p class='ocr_par' dir='ltr' id='par_1_5' title="bbox 318 1658 2338 2078">
     <span class='ocr_line' id='line_1_15' title="bbox 482 1658 2338 1739; baseline 0.002 -19"><span class='ocrx_word' id='word_1_121' title='bbox 482 1665 814 1721; x_wconf 76' lang='lat' dir='ltr'><strong><em>Eunuchi</em></strong></span> <span class='ocrx_word' id='word_1_122' title='bbox 840 1673 936 1724; x_wconf 86' lang='lat' dir='ltr'><strong><em>v.1</em></strong></span> <span class='ocrx_word' id='word_1_123' title='bbox 963 1658 1249 1723; x_wconf 80' lang='lat' dir='ltr'><strong><em>studeant</em></strong></span> <span class='ocrx_word' id='word_1_124' title='bbox 1418 1674 1450 1727; x_wconf 87' lang='lat'>5</span> <span class='ocrx_word' id='word_1_125' title='bbox 1468 1663 1831 1722; x_wconf 78' lang='lat' dir='ltr'><strong><em>existimarit</em></strong></span> <span class='ocrx_word' id='word_1_126' title='bbox 1998 1672 2032 1727; x_wconf 96' lang='grc'>7</span> <span class='ocrx_word' id='word_1_127' title='bbox 2054 1681 2137 1739; x_wconf 81' lang='lat' dir='ltr'><strong><em>sq.</em></strong></span> <span class='ocrx_word' id='word_1_128' title='bbox 2151 1663 2338 1738; x_wconf 86' lang='lat' dir='ltr'><strong><em>male,</em></strong></span> 
     </span>
     <span class='ocr_line' id='line_1_16' title="bbox 318 1743 2338 1828; baseline 0 -21"><span class='ocrx_word' id='word_1_129' title='bbox 318 1767 397 1807; x_wconf 87' lang='lat' dir='ltr'><strong><em>ex</em></strong></span> <span class='ocrx_word' id='word_1_130' title='bbox 450 1743 459 1828; x_wconf 89' lang='grc' dir='ltr'>Ι</span> <span class='ocrx_word' id='word_1_131' title='bbox 499 1745 754 1809; x_wconf 78' lang='lat' dir='ltr'><strong><em>Graecis</em></strong></span> <span class='ocrx_word' id='word_1_132' title='bbox 921 1756 954 1809; x_wconf 92' lang='lat'><strong>9</strong></span> <span class='ocrx_word' id='word_1_133' title='bbox 1007 1746 1162 1805; x_wconf 86' lang='lat' dir='ltr'><strong><em>Item</em></strong></span> <span class='ocrx_word' id='word_1_134' title='bbox 1222 1755 1289 1806; x_wconf 84' lang='lat' dir='ltr'><strong><em>ut</em></strong></span> <span class='ocrx_word' id='word_1_135' title='bbox 1344 1745 1671 1806; x_wconf 84' lang='lat' dir='ltr'><strong><em>Menandri</em></strong></span> <span class='ocrx_word' id='word_1_136' title='bbox 1841 1754 1906 1811; x_wconf 91' lang='grc'><strong><em>17</em></strong></span> <span class='ocrx_word' id='word_1_137' title='bbox 1959 1767 2122 1807; x_wconf 89' lang='lat' dir='ltr'><strong><em>nunc</em></strong></span> <span class='ocrx_word' id='word_1_138' title='bbox 2175 1767 2338 1827; x_wconf 83' lang='lat' dir='ltr'><strong><em>quae</em></strong></span> 
     </span>
     <span class='ocr_line' id='line_1_17' title="bbox 482 1828 2166 1909; baseline 0 -18"><span class='ocrx_word' id='word_1_139' title='bbox 482 1839 551 1891; x_wconf 82' lang='lat'><strong><em>22</em></strong></span> <span class='ocrx_word' id='word_1_140' title='bbox 593 1828 881 1889; x_wconf 81' lang='lat' dir='ltr'><strong><em>adessent</em></strong></span> <span class='ocrx_word' id='word_1_141' title='bbox 1047 1838 1115 1892; x_wconf 92' lang='grc'>25</span> <span class='ocrx_word' id='word_1_142' title='bbox 1159 1849 1295 1890; x_wconf 89' lang='lat' dir='ltr'><strong><em>esse</em></strong></span> <span class='ocrx_word' id='word_1_143' title='bbox 1353 1850 1602 1909; x_wconf 89' lang='lat' dir='ltr'><strong><em>nempe,</em></strong></span> <span class='ocrx_word' id='word_1_144' title='bbox 1641 1829 1848 1890; x_wconf 81' lang='lat' dir='ltr'><strong><em>Plauti</em></strong></span> <span class='ocrx_word' id='word_1_145' title='bbox 1887 1839 2166 1891; x_wconf 80' lang='lat' dir='ltr'><strong><em>ueterem</em></strong></span> 
     </span>
     <span class='ocr_line' id='line_1_18' title="bbox 319 1910 2338 1995; baseline -0.002 -17"><span class='ocrx_word' id='word_1_146' title='bbox 319 1926 384 1979; x_wconf 85' lang='lat'><strong><em>31</em></strong></span> <span class='ocrx_word' id='word_1_147' title='bbox 429 1933 497 1973; x_wconf 85' lang='lat' dir='ltr'><strong><em>se</em></strong></span> <span class='ocrx_word' id='word_1_148' title='bbox 539 1912 641 1972; x_wconf 88' lang='lat' dir='ltr'><strong><em>hic</em></strong></span> <span class='ocrx_word' id='word_1_149' title='bbox 683 1933 808 1972; x_wconf 90' lang='lat' dir='ltr'><strong><em>non</em></strong></span> <span class='ocrx_word' id='word_1_150' title='bbox 974 1922 1044 1976; x_wconf 93' lang='grc'><strong><em>33</em></strong></span> <span class='ocrx_word' id='word_1_151' title='bbox 1079 1913 1156 1972; x_wconf 88' lang='lat' dir='ltr'><strong><em>ab</em></strong></span> <span class='ocrx_word' id='word_1_152' title='bbox 1195 1910 1354 1994; x_wconf 85' lang='lat' dir='ltr'><strong><em>aliis]</em></strong></span> <span class='ocrx_word' id='word_1_153' title='bbox 1388 1914 1635 1973; x_wconf 83' lang='lat' dir='ltr'><strong><em>fabulas</em></strong></span> <span class='ocrx_word' id='word_1_154' title='bbox 1804 1923 1872 1977; x_wconf 90' lang='grc'><strong><em>35</em></strong></span> <span class='ocrx_word' id='word_1_155' title='bbox 1913 1913 2058 1974; x_wconf 87' lang='lat' dir='ltr'><strong><em>huic</em></strong></span> <span class='ocrx_word' id='word_1_156' title='bbox 2089 1910 2201 1995; x_wconf 85' lang='lat' dir='ltr'><strong><em>uti]</em></strong></span> <span class='ocrx_word' id='word_1_157' title='bbox 2244 1914 2338 1974; x_wconf 85' lang='lat' dir='ltr'><strong><em>uti</em></strong></span> 
     </span>
     <span class='ocr_line' id='line_1_19' title="bbox 322 1993 2333 2078; baseline -0.001 -18"><span class='ocrx_word' id='word_1_158' title='bbox 322 1999 455 2060; x_wconf 61' lang='lat' dir='ltr'><strong><em>aliis</em></strong></span> <span class='ocrx_word' id='word_1_159' title='bbox 625 2004 694 2061; x_wconf 88' lang='lat'><strong><em>36</em></strong></span> <span class='ocrx_word' id='word_1_160' title='bbox 733 1997 1029 2057; x_wconf 86' lang='lat' dir='ltr'><strong><em>currentis</em></strong></span> <span class='ocrx_word' id='word_1_161' title='bbox 1075 2017 1282 2058; x_wconf 88' lang='lat' dir='ltr'><strong><em>seruos</em></strong></span> <span class='ocrx_word' id='word_1_162' title='bbox 1452 2006 1520 2060; x_wconf 85' lang='lat'><strong><em>41</em></strong></span> <span class='ocrx_word' id='word_1_163' title='bbox 1553 1997 1779 2057; x_wconf 84' lang='lat' dir='ltr'><strong><em>dictum</em></strong></span> <span class='ocrx_word' id='word_1_164' title='bbox 1818 1999 1899 2059; x_wconf 83' lang='lat' dir='ltr'><strong><em>sit</em></strong></span> <span class='ocrx_word' id='word_1_165' title='bbox 2068 2006 2141 2061; x_wconf 87' lang='grc'><strong><em>44</em></strong></span> <span class='ocrx_word' id='word_1_166' title='bbox 2173 1993 2333 2078; x_wconf 86' lang='lat' dir='ltr'><strong><em>cum]</em></strong></span> 
     </span>
    </p>

    <p class='ocr_par' dir='ltr' id='par_1_6' title="bbox 318 2078 2569 3665">
     <span class='ocr_line' id='line_1_20' title="bbox 332 2078 2164 2162; baseline -0.002 -18"><span class='ocrx_word' id='word_1_167' title='bbox 332 2093 380 2144; x_wconf 68' lang='lat' dir='ltr'><strong><em>st</em></strong></span> <span class='ocrx_word' id='word_1_168' title='bbox 425 2102 560 2142; x_wconf 89' lang='lat' dir='ltr'><strong><em>cum</em></strong></span> <span class='ocrx_word' id='word_1_169' title='bbox 726 2091 796 2145; x_wconf 84' lang='lat'><strong><em>56</em></strong></span> <span class='ocrx_word' id='word_1_170' title='bbox 824 2082 1007 2141; x_wconf 84' lang='lat' dir='ltr'><strong><em>etiam</em></strong></span> <span class='ocrx_word' id='word_1_171' title='bbox 1042 2082 1159 2141; x_wconf 92' lang='lat' dir='ltr'><strong><em>hoc</em></strong></span> <span class='ocrx_word' id='word_1_172' title='bbox 1203 2083 1405 2160; x_wconf 84' lang='lat' dir='ltr'><strong><em>cogita</em></strong></span> <span class='ocrx_word' id='word_1_173' title='bbox 1574 2091 1644 2145; x_wconf 89' lang='grc'><strong><em>58</em></strong></span> <span class='ocrx_word' id='word_1_174' title='bbox 1686 2078 1842 2162; x_wconf 80' lang='lat' dir='ltr'><strong><em>eam]</em></strong></span> <span class='ocrx_word' id='word_1_175' title='bbox 1877 2102 2013 2143; x_wconf 88' lang='lat' dir='ltr'><strong><em>eam</em></strong></span> <span class='ocrx_word' id='word_1_176' title='bbox 2033 2102 2164 2142; x_wconf 91' lang='lat' dir='ltr'><strong><em>rem</em></strong></span> 
     </span>
     <span class='ocr_line' id='line_1_21' title="bbox 332 2164 2338 2248; baseline -0.001 -17"><span class='ocrx_word' id='word_1_177' title='bbox 332 2177 383 2231; x_wconf 81' lang='grc'><strong><em>55</em></strong></span> <span class='ocrx_word' id='word_1_178' title='bbox 413 2164 629 2226; x_wconf 77' lang='lat' dir='ltr'><strong><em>illam?</em></strong></span> <span class='ocrx_word' id='word_1_179' title='bbox 654 2186 812 2247; x_wconf 83' lang='lat' dir='ltr'><strong><em>quae</em></strong></span> <span class='ocrx_word' id='word_1_180' title='bbox 845 2165 1061 2226; x_wconf 80' lang='lat' dir='ltr'><strong><em>illum?</em></strong></span> <span class='ocrx_word' id='word_1_181' title='bbox 1097 2186 1255 2248; x_wconf 80' lang='lat' dir='ltr'><strong><em>quae</em></strong></span> <span class='ocrx_word' id='word_1_182' title='bbox 1282 2165 1427 2227; x_wconf 80' lang='lat' dir='ltr'><strong><em>me‘?</em></strong></span> <span class='ocrx_word' id='word_1_183' title='bbox 1460 2185 1620 2247; x_wconf 86' lang='lat' dir='ltr'><strong><em>quae</em></strong></span> <span class='ocrx_word' id='word_1_184' title='bbox 1646 2165 1813 2225; x_wconf 80' lang='lat' dir='ltr'><strong><em>non?</em></strong></span> <span class='ocrx_word' id='word_1_185' title='bbox 1982 2174 2050 2230; x_wconf 90' lang='grc'>67</span> <span class='ocrx_word' id='word_1_186' title='bbox 2082 2165 2196 2224; x_wconf 86' lang='lat' dir='ltr'><strong><em>illa</em></strong></span> <span class='ocrx_word' id='word_1_187' title='bbox 2224 2185 2338 2228; x_wconf 88' lang='lat' dir='ltr'><strong><em>om.</em></strong></span> 
     </span>
     <span class='ocr_line' id='line_1_22' title="bbox 485 2248 2340 2327; baseline 0 -19"><span class='ocrx_word' id='word_1_188' title='bbox 485 2249 792 2310; x_wconf 82' lang='lat' dir='ltr'><strong><em>mehercle</em></strong></span> <span class='ocrx_word' id='word_1_189' title='bbox 960 2258 1030 2313; x_wconf 90' lang='lat'><strong><em>68</em></strong></span> <span class='ocrx_word' id='word_1_190' title='bbox 1082 2251 1307 2309; x_wconf 84' lang='lat' dir='ltr'><strong><em>misera</em></strong></span> <span class='ocrx_word' id='word_1_191' title='bbox 1475 2258 1545 2313; x_wconf 90' lang='grc'><strong><em>79</em></strong></span> <span class='ocrx_word' id='word_1_192' title='bbox 1590 2270 1738 2309; x_wconf 86' lang='lat' dir='ltr'><strong><em>ecca</em></strong></span> <span class='ocrx_word' id='word_1_193' title='bbox 1905 2257 1972 2312; x_wconf 87' lang='grc'><strong><em>87</em></strong></span> <span class='ocrx_word' id='word_1_194' title='bbox 2020 2248 2191 2327; x_wconf 81' lang='lat' dir='ltr'><strong><em>Quid</em></strong></span> <span class='ocrx_word' id='word_1_195' title='bbox 2234 2248 2340 2308; x_wconf 88' lang='lat' dir='ltr'><strong><em>hie</em></strong></span> 
     </span>
     <span class='ocr_line' id='line_1_23' title="bbox 319 2331 2338 2394; baseline -0.001 0"><span class='ocrx_word' id='word_1_196' title='bbox 319 2332 569 2394; x_wconf 75' lang='lat' dir='ltr'><strong><em>stabas?</em></strong></span> <span class='ocrx_word' id='word_1_197' title='bbox 611 2353 718 2392; x_wconf 88' lang='lat' dir='ltr'><strong><em>cur</em></strong></span> <span class='ocrx_word' id='word_1_198' title='bbox 756 2353 880 2393; x_wconf 91' lang='lat' dir='ltr'><strong><em>non</em></strong></span> <span class='ocrx_word' id='word_1_199' title='bbox 904 2333 1077 2392; x_wconf 77' lang='lat' dir='ltr'><strong><em>recta</em></strong></span> <span class='ocrx_word' id='word_1_200' title='bbox 1115 2333 1457 2392; x_wconf 82' lang='lat' dir='ltr'><strong><em>introibas‘?</em></strong></span> <span class='ocrx_word' id='word_1_201' title='bbox 1631 2340 1735 2394; x_wconf 89' lang='grc'>104</span> <span class='ocrx_word' id='word_1_202' title='bbox 1769 2331 1993 2392; x_wconf 85' lang='lat' dir='ltr'><strong><em>falsum</em></strong></span> <span class='ocrx_word' id='word_1_203' title='bbox 2036 2331 2338 2392; x_wconf 86' lang='lat' dir='ltr'><strong><em>audierim</em></strong></span> 
     </span>
     <span class='ocr_line' id='line_1_24' title="bbox 319 2414 2340 2495; baseline -0.001 -19"><span class='ocrx_word' id='word_1_204' title='bbox 319 2437 393 2476; x_wconf 87' lang='lat' dir='ltr'><strong><em>ac</em></strong></span> <span class='ocrx_word' id='word_1_205' title='bbox 445 2418 651 2475; x_wconf 84' lang='lat' dir='ltr'><strong><em>fictum</em></strong></span> <span class='ocrx_word' id='word_1_206' title='bbox 820 2427 920 2477; x_wconf 94' lang='grc'><strong><em>105</em></strong></span> <span class='ocrx_word' id='word_1_207' title='bbox 980 2414 1234 2494; x_wconf 83' lang='lat' dir='ltr'><strong><em>perpluo</em></strong></span> <span class='ocrx_word' id='word_1_208' title='bbox 1410 2424 1509 2477; x_wconf 87' lang='lat'><strong><em>106</em></strong></span> <span class='ocrx_word' id='word_1_209' title='bbox 1569 2415 1764 2473; x_wconf 87' lang='lat' dir='ltr'><strong><em>taceri</em></strong></span> <span class='ocrx_word' id='word_1_210' title='bbox 1935 2425 2037 2479; x_wconf 91' lang='lat'><strong>119</strong></span> <span class='ocrx_word' id='word_1_211' title='bbox 2092 2416 2340 2495; x_wconf 88' lang='lat' dir='ltr'><strong><em>quicum</em></strong></span> 
     </span>
     <span class='ocr_line' id='line_1_25' title="bbox 486 2497 2341 2578; baseline 0 -18"><span class='ocrx_word' id='word_1_212' title='bbox 486 2508 587 2562; x_wconf 93' lang='grc'><strong><em>129</em></strong></span> <span class='ocrx_word' id='word_1_213' title='bbox 641 2500 758 2559; x_wconf 77' lang='grc' dir='ltr'><strong><em>ΡΗ.</em></strong></span> <span class='ocrx_word' id='word_1_214' title='bbox 815 2500 1037 2578; x_wconf 83' lang='lat' dir='ltr'><strong><em>Neque</em></strong></span> <span class='ocrx_word' id='word_1_215' title='bbox 1090 2499 1209 2557; x_wconf 88' lang='lat' dir='ltr'><strong><em>hoc</em></strong></span> <span class='ocrx_word' id='word_1_216' title='bbox 1261 2497 1495 2557; x_wconf 81' lang='lat' dir='ltr'><strong><em>tacebit</em></strong></span> <span class='ocrx_word' id='word_1_217' title='bbox 1663 2506 1763 2558; x_wconf 86' lang='lat'><strong><em>145</em></strong></span> <span class='ocrx_word' id='word_1_218' title='bbox 1820 2498 2060 2576; x_wconf 86' lang='lat' dir='ltr'><strong><em>cupiam</em></strong></span> <span class='ocrx_word' id='word_1_219' title='bbox 2223 2506 2341 2562; x_wconf 83' lang='lat'><strong><em>148</em></strong></span> 
     </span>
     <span class='ocr_line' id='line_1_26' title="bbox 321 2577 2340 2660; baseline -0.002 -17"><span class='ocrx_word' id='word_1_220' title='bbox 321 2577 596 2660; x_wconf 87' lang='lat' dir='ltr'><strong><em>amicum]</em></strong></span> <span class='ocrx_word' id='word_1_221' title='bbox 667 2592 875 2643; x_wconf 85' lang='lat' dir='ltr'><strong><em>notum</em></strong></span> <span class='ocrx_word' id='word_1_222' title='bbox 1045 2591 1146 2645; x_wconf 84' lang='lat'><strong>159</strong></span> <span class='ocrx_word' id='word_1_223' title='bbox 1201 2582 1338 2659; x_wconf 85' lang='lat' dir='ltr'><strong><em>Ego</em></strong></span> <span class='ocrx_word' id='word_1_224' title='bbox 1404 2578 1694 2640; x_wconf 83' lang='lat' dir='ltr'><strong><em>excludor</em></strong></span> <span class='ocrx_word' id='word_1_225' title='bbox 1867 2588 1971 2643; x_wconf 85' lang='lat'><strong><em>163</em></strong></span> <span class='ocrx_word' id='word_1_226' title='bbox 2026 2601 2172 2640; x_wconf 90' lang='lat' dir='ltr'><strong><em>num</em></strong></span> <span class='ocrx_word' id='word_1_227' title='bbox 2224 2582 2340 2641; x_wconf 76' lang='lat' dir='ltr'><strong><em>tibi</em></strong></span> 
     </span>
     <span class='ocr_line' id='line_1_27' title="bbox 487 2663 2339 2743; baseline -0.001 -14"><span class='ocrx_word' id='word_1_228' title='bbox 487 2674 591 2729; x_wconf 87' lang='grc'>164</span> <span class='ocrx_word' id='word_1_229' title='bbox 631 2665 1027 2727; x_wconf 85' lang='lat' dir='ltr'><strong><em>intercludier</em></strong></span> <span class='ocrx_word' id='word_1_230' title='bbox 1195 2673 1298 2728; x_wconf 89' lang='lat'><strong>169</strong></span> <span class='ocrx_word' id='word_1_231' title='bbox 1339 2684 1449 2743; x_wconf 89' lang='lat' dir='ltr'><strong><em>pro</em></strong></span> <span class='ocrx_word' id='word_1_232' title='bbox 1502 2663 1792 2723; x_wconf 87' lang='lat' dir='ltr'><strong><em>ambobus</em></strong></span> <span class='ocrx_word' id='word_1_233' title='bbox 1834 2664 2059 2742; x_wconf 82' lang='lat' dir='ltr'><strong><em>uiginti</em></strong></span> <span class='ocrx_word' id='word_1_234' title='bbox 2232 2672 2339 2728; x_wconf 85' lang='grc'>173</span> 
     </span>
     <span class='ocr_line' id='line_1_28' title="bbox 318 2748 2337 2830; baseline -0.002 -20"><span class='ocrx_word' id='word_1_235' title='bbox 318 2769 497 2830; x_wconf 85' lang='lat' dir='ltr'><strong><em>posse</em></strong></span> <span class='ocrx_word' id='word_1_236' title='bbox 525 2751 661 2811; x_wconf 90' lang='lat' dir='ltr'><strong><em>fieri</em></strong></span> <span class='ocrx_word' id='word_1_237' title='bbox 829 2759 932 2814; x_wconf 87' lang='lat'><strong>193</strong></span> <span class='ocrx_word' id='word_1_238' title='bbox 965 2750 1198 2810; x_wconf 85' lang='lat' dir='ltr'><strong><em>Noctes</em></strong></span> <span class='ocrx_word' id='word_1_239' title='bbox 1242 2748 1497 2829; x_wconf 86' lang='lat' dir='ltr'><strong><em>diesque</em></strong></span> <span class='ocrx_word' id='word_1_240' title='bbox 1668 2756 1769 2812; x_wconf 91' lang='grc'><strong><em>197</em></strong></span> <span class='ocrx_word' id='word_1_241' title='bbox 1799 2767 2053 2826; x_wconf 88' lang='lat' dir='ltr'><strong><em>paruam</em></strong></span> <span class='ocrx_word' id='word_1_242' title='bbox 2094 2749 2195 2807; x_wconf 87' lang='lat' dir='ltr'><strong><em>hic</em></strong></span> <span class='ocrx_word' id='word_1_243' title='bbox 2225 2748 2337 2806; x_wconf 83' lang='lat' dir='ltr'><strong><em>ha-</em></strong></span> 
     </span>
     <span class='ocr_line' id='line_1_29' title="bbox 319 2832 2339 2909; baseline -0 -17"><span class='ocrx_word' id='word_1_244' title='bbox 319 2834 465 2894; x_wconf 85' lang='lat' dir='ltr'><strong><em>beat</em></strong></span> <span class='ocrx_word' id='word_1_245' title='bbox 502 2834 652 2893; x_wconf 92' lang='lat' dir='ltr'><strong><em>mihi</em></strong></span> <span class='ocrx_word' id='word_1_246' title='bbox 817 2844 919 2897; x_wconf 88' lang='grc'>205</span> <span class='ocrx_word' id='word_1_247' title='bbox 962 2835 1015 2893; x_wconf 87' lang='lat' dir='ltr'><strong><em>is</em></strong></span> <span class='ocrx_word' id='word_1_248' title='bbox 1057 2853 1124 2894; x_wconf 90' lang='lat' dir='ltr'><strong><em>se</em></strong></span> <span class='ocrx_word' id='word_1_249' title='bbox 1153 2832 1339 2892; x_wconf 90' lang='lat' dir='ltr'><strong><em>hodie</em></strong></span> <span class='ocrx_word' id='word_1_250' title='bbox 1510 2840 1614 2894; x_wconf 83' lang='lat'><strong><em>212</em></strong></span> <span class='ocrx_word' id='word_1_251' title='bbox 1654 2832 1806 2909; x_wconf 78' lang='lat' dir='ltr'><strong><em>quin</em></strong></span> <span class='ocrx_word' id='word_1_252' title='bbox 1830 2832 2061 2892; x_wconf 81' lang='lat' dir='ltr'><strong><em>factum</em></strong></span> <span class='ocrx_word' id='word_1_253' title='bbox 2231 2838 2339 2891; x_wconf 85' lang='grc'><strong><em>214</em></strong></span> 
     </span>
     <span class='ocr_line' id='line_1_30' title="bbox 324 2908 2332 2992; baseline -0.002 -16"><span class='ocrx_word' id='word_1_254' title='bbox 324 2924 384 2976; x_wconf 80' lang='lat' dir='ltr'><strong><em>et</em></strong></span> <span class='ocrx_word' id='word_1_255' title='bbox 425 2917 606 2977; x_wconf 87' lang='lat' dir='ltr'><strong><em>istum</em></strong></span> <span class='ocrx_word' id='word_1_256' title='bbox 775 2927 877 2980; x_wconf 83' lang='lat'><strong><em>215</em></strong></span> <span class='ocrx_word' id='word_1_257' title='bbox 920 2918 1033 2977; x_wconf 78' lang='grc' dir='ltr'><strong><em>ΡΑ.</em></strong></span> <span class='ocrx_word' id='word_1_258' title='bbox 1063 2918 1143 2976; x_wconf 83' lang='lat' dir='ltr'><strong><em>ah</em></strong></span> <span class='ocrx_word' id='word_1_259' title='bbox 1311 2925 1414 2980; x_wconf 91' lang='grc'><strong><em>217</em></strong></span> <span class='ocrx_word' id='word_1_260' title='bbox 1459 2916 1760 2976; x_wconf 85' lang='lat' dir='ltr'><strong><em>offirmare</em></strong></span> <span class='ocrx_word' id='word_1_261' title='bbox 1804 2923 1866 2975; x_wconf 81' lang='lat' dir='ltr'><strong><em>et</em></strong></span> <span class='ocrx_word' id='word_1_262' title='bbox 2036 2924 2138 2977; x_wconf 89' lang='grc'><strong><em>221</em></strong></span> <span class='ocrx_word' id='word_1_263' title='bbox 2182 2908 2332 2992; x_wconf 83' lang='lat' dir='ltr'><strong><em>Abi]</em></strong></span> 
     </span>
     <span class='ocr_line' id='line_1_31' title="bbox 322 2996 2336 3077; baseline -0.002 -19"><span class='ocrx_word' id='word_1_264' title='bbox 322 3000 401 3059; x_wconf 88' lang='lat' dir='ltr'><strong><em>ah</em></strong></span> <span class='ocrx_word' id='word_1_265' title='bbox 567 3009 670 3062; x_wconf 89' lang='grc'><strong><em>222</em></strong></span> <span class='ocrx_word' id='word_1_266' title='bbox 702 3009 797 3060; x_wconf 87' lang='lat' dir='ltr'><strong><em>est</em></strong></span> <span class='ocrx_word' id='word_1_267' title='bbox 833 3001 989 3060; x_wconf 87' lang='lat' dir='ltr'><strong><em>haec</em></strong></span> <span class='ocrx_word' id='word_1_268' title='bbox 1157 3010 1263 3063; x_wconf 90' lang='grc'><strong><em>223</em></strong></span> <span class='ocrx_word' id='word_1_269' title='bbox 1287 3000 1400 3060; x_wconf 84' lang='lat' dir='ltr'><strong><em>illa</em></strong></span> <span class='ocrx_word' id='word_1_270' title='bbox 1568 3008 1672 3061; x_wconf 94' lang='grc'><strong><em>242</em></strong></span> <span class='ocrx_word' id='word_1_271' title='bbox 1700 2996 1824 3074; x_wconf 77' lang='lat' dir='ltr'><strong><em>Qui</em></strong></span> <span class='ocrx_word' id='word_1_272' title='bbox 1861 2999 2059 3073; x_wconf 86' lang='lat' dir='ltr'><strong><em>color,</em></strong></span> <span class='ocrx_word' id='word_1_273' title='bbox 2104 2999 2210 3077; x_wconf 91' lang='lat' dir='ltr'><strong><em>qui</em></strong></span> <span class='ocrx_word' id='word_1_274' title='bbox 2238 2998 2336 3055; x_wconf 79' lang='lat' dir='ltr'><strong><em>ni-</em></strong></span> 
     </span>
     <span class='ocr_line' id='line_1_32' title="bbox 322 3080 2336 3162; baseline -0.002 -20"><span class='ocrx_word' id='word_1_275' title='bbox 322 3093 415 3143; x_wconf 86' lang='lat' dir='ltr'><strong><em>tor</em></strong></span> <span class='ocrx_word' id='word_1_276' title='bbox 581 3093 684 3148; x_wconf 85' lang='grc'>255</span> <span class='ocrx_word' id='word_1_277' title='bbox 712 3085 1068 3144; x_wconf 82' lang='lat' dir='ltr'><strong><em>aduenimus</em></strong></span> <span class='ocrx_word' id='word_1_278' title='bbox 1238 3091 1343 3146; x_wconf 92' lang='grc'>256</span> <span class='ocrx_word' id='word_1_279' title='bbox 1388 3083 1766 3162; x_wconf 86' lang='lat' dir='ltr'><strong><em>cuppediarii</em></strong></span> <span class='ocrx_word' id='word_1_280' title='bbox 1933 3090 2039 3145; x_wconf 89' lang='grc'>260</span> <span class='ocrx_word' id='word_1_281' title='bbox 2079 3080 2336 3154; x_wconf 89' lang='lat' dir='ltr'><strong><em>honore,</em></strong></span> 
     </span>
     <span class='ocr_line' id='line_1_33' title="bbox 323 3164 2344 3243; baseline 0 -17"><span class='ocrx_word' id='word_1_282' title='bbox 323 3176 386 3227; x_wconf 81' lang='lat' dir='ltr'><strong><em>et</em></strong></span> <span class='ocrx_word' id='word_1_283' title='bbox 554 3177 655 3232; x_wconf 91' lang='grc'>261</span> <span class='ocrx_word' id='word_1_284' title='bbox 716 3167 801 3228; x_wconf 85' lang='lat' dir='ltr'><strong><em>ibi</em></strong></span> <span class='ocrx_word' id='word_1_285' title='bbox 853 3172 972 3227; x_wconf 85' lang='lat' dir='ltr'><strong><em>sine</em></strong></span> <span class='ocrx_word' id='word_1_286' title='bbox 1008 3174 1166 3227; x_wconf 84' lang='lat' dir='ltr'><strong><em>uncis</em></strong></span> <span class='ocrx_word' id='word_1_287' title='bbox 1336 3175 1442 3231; x_wconf 88' lang='grc'><strong><em>263</em></strong></span> <span class='ocrx_word' id='word_1_288' title='bbox 1494 3165 1725 3225; x_wconf 74' lang='lat' dir='ltr'><strong><em>habent</em></strong></span> <span class='ocrx_word' id='word_1_289' title='bbox 1779 3164 2062 3243; x_wconf 87' lang='lat' dir='ltr'><strong><em>discipuli</em></strong></span> <span class='ocrx_word' id='word_1_290' title='bbox 2232 3173 2344 3226; x_wconf 89' lang='grc'>264</span> 
     </span>
     <span class='ocr_line' id='line_1_34' title="bbox 322 3246 2340 3333; baseline 0 -23"><span class='ocrx_word' id='word_1_291' title='bbox 322 3254 469 3311; x_wconf 88' lang='lat' dir='ltr'><strong><em>item</em></strong></span> <span class='ocrx_word' id='word_1_292' title='bbox 522 3262 594 3313; x_wconf 85' lang='lat' dir='ltr'><strong><em>ut</em></strong></span> <span class='ocrx_word' id='word_1_293' title='bbox 759 3258 862 3315; x_wconf 88' lang='grc'>267</span> <span class='ocrx_word' id='word_1_294' title='bbox 919 3246 1244 3333; x_wconf 84' lang='lat' dir='ltr'><strong><em>†Thaidis]</em></strong></span> <span class='ocrx_word' id='word_1_295' title='bbox 1324 3250 1585 3330; x_wconf 85' lang='lat' dir='ltr'><strong><em>opperiri</em></strong></span> <span class='ocrx_word' id='word_1_296' title='bbox 1763 3257 1868 3313; x_wconf 89' lang='grc'>268</span> <span class='ocrx_word' id='word_1_297' title='bbox 1922 3248 2063 3307; x_wconf 90' lang='lat' dir='ltr'><strong><em>hice</em></strong></span> <span class='ocrx_word' id='word_1_298' title='bbox 2151 3273 2158 3276; x_wconf 51' lang='lat'><em>⁷</em></span> <span class='ocrx_word' id='word_1_299' title='bbox 2232 3255 2340 3311; x_wconf 88' lang='grc'>269</span> 
     </span>
     <span class='ocr_line' id='line_1_35' title="bbox 326 3331 2337 3414; baseline -0.002 -21"><span class='ocrx_word' id='word_1_300' title='bbox 326 3336 461 3394; x_wconf 90' lang='lat' dir='ltr'><strong><em>hice</em></strong></span> <span class='ocrx_word' id='word_1_301' title='bbox 631 3343 735 3400; x_wconf 89' lang='grc'><strong><em>274</em></strong></span> <span class='ocrx_word' id='word_1_302' title='bbox 766 3336 950 3394; x_wconf 84' lang='lat' dir='ltr'><strong><em>animi</em></strong></span> <span class='ocrx_word' id='word_1_303' title='bbox 994 3354 1059 3394; x_wconf 79' lang='lat' dir='ltr'><strong><em>es</em></strong></span> <span class='ocrx_word' id='word_1_304' title='bbox 1229 3343 1333 3397; x_wconf 90' lang='grc'><strong><em>282</em></strong></span> <span class='ocrx_word' id='word_1_305' title='bbox 1362 3341 1535 3414; x_wconf 84' lang='lat' dir='ltr'><strong><em>patet</em></strong></span> <span class='ocrx_word' id='word_1_306' title='bbox 1575 3332 1723 3391; x_wconf 84' lang='lat' dir='ltr'><strong><em>foris</em></strong></span> <span class='ocrx_word' id='word_1_307' title='bbox 1770 3331 1926 3391; x_wconf 87' lang='lat' dir='ltr'><strong><em>haec</em></strong></span> <span class='ocrx_word' id='word_1_308' title='bbox 2096 3340 2201 3394; x_wconf 87' lang='grc'><strong><em>284</em></strong></span> <span class='ocrx_word' id='word_1_309' title='bbox 2244 3331 2337 3389; x_wconf 86' lang='lat' dir='ltr'><strong><em>fo-</em></strong></span> 
     </span>
     <span class='ocr_line' id='line_1_36' title="bbox 321 3416 2569 3482; baseline -0.006 -3"><span class='ocrx_word' id='word_1_310' title='bbox 321 3437 450 3479; x_wconf 90' lang='lat' dir='ltr'><strong><em>rem</em></strong></span> <span class='ocrx_word' id='word_1_311' title='bbox 617 3428 719 3482; x_wconf 86' lang='grc'>285</span> <span class='ocrx_word' id='word_1_312' title='bbox 775 3420 971 3479; x_wconf 85' lang='lat' dir='ltr'><strong><em>istanc</em></strong></span> <span class='ocrx_word' id='word_1_313' title='bbox 1138 3426 1242 3481; x_wconf 88' lang='grc'>286</span> <span class='ocrx_word' id='word_1_314' title='bbox 1295 3418 1504 3477; x_wconf 78' lang='lat' dir='ltr'><strong><em>Etiam</em></strong></span> <span class='ocrx_word' id='word_1_315' title='bbox 1556 3435 1718 3475; x_wconf 88' lang='lat' dir='ltr'><strong><em>nunc</em></strong></span> <span class='ocrx_word' id='word_1_316' title='bbox 1774 3416 1873 3474; x_wconf 88' lang='lat' dir='ltr'><strong><em>hic</em></strong></span> <span class='ocrx_word' id='word_1_317' title='bbox 2048 3416 2163 3476; x_wconf 91' lang='lat' dir='ltr'><strong><em>eho</em></strong></span> <span class='ocrx_word' id='word_1_318' title='bbox 2221 3419 2341 3473; x_wconf 86' lang='lat' dir='ltr'><strong><em>sine</em></strong></span> <span class='ocrx_word' id='word_1_319' title='bbox 2551 3419 2569 3466; x_wconf 75' lang='grc'><strong><em>’1</em></strong></span> 
     </span>
     <span class='ocr_line' id='line_1_37' title="bbox 323 3497 2342 3582; baseline -0.002 -22"><span class='ocrx_word' id='word_1_320' title='bbox 323 3507 480 3562; x_wconf 84' lang='lat' dir='ltr'><strong><em>uncis</em></strong></span> <span class='ocrx_word' id='word_1_321' title='bbox 646 3503 894 3563; x_wconf 86' lang='lat' dir='ltr'><strong><em>relictus</em></strong></span> <span class='ocrx_word' id='word_1_322' title='bbox 1065 3512 1170 3567; x_wconf 84' lang='grc'><strong><em>290</em></strong></span> <span class='ocrx_word' id='word_1_323' title='bbox 1220 3497 1349 3581; x_wconf 85' lang='lat' dir='ltr'><strong><em>qui]</em></strong></span> <span class='ocrx_word' id='word_1_324' title='bbox 1411 3499 1561 3582; x_wconf 87' lang='lat' dir='ltr'><strong><em>quid</em></strong></span> <span class='ocrx_word' id='word_1_325' title='bbox 1727 3507 1832 3563; x_wconf 88' lang='grc'><strong><em>294</em></strong></span> <span class='ocrx_word' id='word_1_326' title='bbox 1885 3518 2007 3579; x_wconf 89' lang='lat' dir='ltr'><strong><em>qua</em></strong></span> <span class='ocrx_word' id='word_1_327' title='bbox 2064 3500 2342 3562; x_wconf 83' lang='lat' dir='ltr'><strong><em>insistam</em></strong></span> 
     </span>
     <span class='ocr_line' id='line_1_38' title="bbox 323 3576 2344 3665; baseline -0.003 -21"><span class='ocrx_word' id='word_1_328' title='bbox 323 3587 425 3644; x_wconf 87' lang='lat' dir='ltr'><strong><em>uia</em></strong></span> <span class='ocrx_word' id='word_1_329' title='bbox 595 3596 700 3649; x_wconf 88' lang='grc'><strong><em>300</em></strong></span> <span class='ocrx_word' id='word_1_330' title='bbox 728 3586 896 3647; x_wconf 85' lang='lat' dir='ltr'><strong><em>dicas</em></strong></span> <span class='ocrx_word' id='word_1_331' title='bbox 1064 3595 1167 3651; x_wconf 83' lang='lat'><strong><em>302</em></strong></span> <span class='ocrx_word' id='word_1_332' title='bbox 1200 3580 1499 3665; x_wconf 81' lang='lat' dir='ltr'><strong><em>deaeque]</em></strong></span> <span class='ocrx_word' id='word_1_333' title='bbox 1548 3584 1704 3645; x_wconf 82' lang='lat' dir='ltr'><strong><em>deae</em></strong></span> <span class='ocrx_word' id='word_1_334' title='bbox 1734 3603 1941 3645; x_wconf 90' lang='lat' dir='ltr'><strong><em>omnes</em></strong></span> <span class='ocrx_word' id='word_1_335' title='bbox 2116 3576 2228 3661; x_wconf 84' lang='lat' dir='ltr'><strong><em>est]</em></strong></span> <span class='ocrx_word' id='word_1_336' title='bbox 2264 3581 2344 3639; x_wconf 77' lang='lat' dir='ltr'><strong><em>sit</em></strong></span> 
     </span>
    </p>
   </div>
   <div class='ocr_carea' id='block_1_4' title="bbox 2564 0 2572 4026">
    <p class='ocr_par' dir='ltr' id='par_1_7' title="bbox 2564 0 2572 4026">
     <span class='ocr_line' id='line_1_39' title="bbox 2564 0 2572 4026; baseline 0 0"><span class='ocrx_word' id='word_1_337' title='bbox 2564 0 2572 4026; x_wconf 95' lang='lat' dir='ltr'><strong><em> </em></strong></span> 
     </span>
    </p>
   </div>
  </div>
 </body>
</html>
