2575 4050
404 271 449 315 X
1215 274 1577 318 PRAEFA'rm

401 425 741 482 varietatem
782 438 936 496 quae
987 423 1074 481 ad
1117 425 1303 483 solam
1342 424 1643 484 scribendi
1679 425 1918 498 sinqula
1958 425 2243 486 vocabula
2282 441 2395 484 ra·

402 525 615 581 tionem
653 522 942 596 pertinet,
1007 523 1256 594 itemque
1317 521 1421 580 ubi
1466 527 1636 582 actus
1684 538 2047 597 scaenasque
2098 523 2274 582 aliter
2323 538 2400 582 ac

402 618 705 679 Bentleius
745 619 1042 690 constitui,
1083 619 1186 677 cui
1220 620 1316 677 rei
1351 621 1795 693 coqnoscendae
1819 620 2082 679 numeris
2121 621 2185 679 in
2225 634 2384 678 mar—

396 720 632 794 ainibus
671 719 926 793 adpictis
958 720 1259 793 provisum
1300 724 1403 778 est.
2267 710 2282 721 '

568 816 775 875 Restat
811 820 879 874 ut
913 817 999 874 eis
1037 816 1182 874 viris
1223 815 1408 875 doctis
1447 816 1554 889 qm·
1590 831 1733 876 suas
1764 817 2055 890 quasdam
2095 817 2398 876 coniectu-

401 929 507 971 ras
553 912 936 973 Terentianus
957 913 1243 986 privatim
1284 926 1510 971 mecum
1548 915 2123 974 communicaverunt
2159 919 2219 972 et
2242 917 2311 972 ut
2335 915 2399 972 in

400 1025 570 1068 usum
608 1025 800 1069 meum
851 1014 1246 1068 converterem
1278 1010 1680 1082 permiserunt
1723 1013 1960 1084 qratias
2003 1025 2182 1084 aqam
2221 1024 2400 1083 quam

401 1109 715 1165 maximas.
778 1121 854 1164 ac
903 1108 1162 1178 primum
1224 1105 1462 1177 quidem
1521 1105 1862 1167 Theodorus
1925 1106 2229 1181 Berqlcius
2289 1106 2402 1165 lias

398 1204 673 1265 Heauton
715 1204 1100 1261 timorumenu
1139 1202 1571 1262 emendationes
1610 1221 1752 1264 suas
1792 1206 1944 1264 adeo
1986 1205 2136 1265 mihi
2159 1204 2400 1279 proba-

399 1303 482 1360 vit
510 1307 578 1360 ut
613 1303 678 1359 in
716 1301 1023 1360 verborum
1065 1301 1331 1359 ordinem
1370 1305 1726 1376 receperim.-
1768 1319 1821 1361 v.
1869 1301 1949 1362 72
1979 1297 2175 1361 Enim
2219 1297 2396 1361 dices

402 1402 711 1477 quantum
754 1402 1126 1474 (occupatum
1165 1398 1276 1458 hoc
1303 1413 1343 1457 a
1372 1398 1585 1459 Botkio
1621 1401 1683 1459 in
1711 1400 1936 1474 ephem.
1958 1401 2141 1473 antiq.
2169 1398 2399 1457 Barm-

399 1496 550 1554 stad.
594 1511 654 1554 a.
707 1493 857 1555 1841
894 1512 965 1571 p.
1014 1493 1232 1568 1062),
1287 1511 1341 1553 v.
1389 1495 1508 1556 154
1562 1492 1685 1556 hoo
1728 1514 1920 1577 quom
1961 1491 2064 1573 fit,
2120 1491 2215 1555 ibi
2266 1512 2399 1556 non

400 1598 608 1670 recte,
652 1610 707 1652 v.
748 1592 870 1652 253
911 1590 1082 1652 unde
1122 1591 1183 1652 ei
1222 1610 1365 1652 esse
1396 1609 1622 1652 censes
1636 1635 1655 1669 ,
1695 1609 1747 1652 v.
1788 1591 1911 1652 300
1957 1589 2051 1652 eis
2092 1589 2398 1652 demune-

399 1687 605 1749 rarier
635 1694 797 1764 (qua
821 1692 885 1748 in
912 1693 1271 1750 correctione
1300 1692 1652 1765 praeiverat
1677 1690 1975 1765 Guyetus),
2014 1706 2068 1748 v.
2103 1687 2226 1776 402
2255 1685 2397 1748 uidi

403 1806 548 1849 esse
589 1785 913 1865 habitum,
959 1786 1070 1850 diu
1114 1788 1311 1850 etiam
1333 1787 1561 1851 turbas
1600 1785 1816 1868 dabit,
1859 1806 1912 1849 v.
1948 1790 2071 1850 405
2106 1785 2226 1850 CL.
2260 1796 2400 1850 ante

399 1883 737 1968 Antiphila
776 1892 989 1963 reponi
1025 1891 1215 1963 iussit,
1258 1906 1311 1948 v.
1354 1888 1469 1947 411
1518 1885 1725 1969 primo
1755 1905 1841 1947 ex
1879 1904 2015 1967 me3
2060 1890 2220 1948 aliae
2248 1905 2401 1963 quas

400 1999 517 2043 non
544 1986 748 2060 recepi
782 1987 919 2045 olim
958 1988 1023 2045 in
1052 1988 1468 2047 commentario
1509 1987 1715 2046 critico
1754 1985 2134 2058 adferentur.
2180 1986 2401 2046 deinde

400 2097 531 2141 cum
572 2083 647 2141 de
686 2086 916 2143 nomine
967 2086 1068 2145 illo
1104 2087 1368 2144 mulieris
1407 2084 1566 2159 quod
1593 2083 1860 2144 Andriae
1897 2100 1951 2142 v.
1996 2082 2117 2143 945
2160 2099 2200 2141 a
2230 2084 2401 2144 libris

397 2179 736 2251 foedissimo
775 2183 987 2242 mendo
1028 2178 1341 2243 Pasibula
1383 2184 1667 2243 traditum
1708 2188 1819 2254 est,
1867 2182 2180 2255 Georqium
2224 2182 2398 2242 Bez-

399 2279 821 2351 zenberqerum
862 2286 920 2338 et
962 2279 1237 2339 Carolum
1275 2281 1562 2353 Keilium‚
1606 2283 1857 2340 alterum
1898 2295 2103 2340 coram
2135 2296 2255 2355 per
2294 2283 2397 2340 iu-

397 2375 816 2433 cundissimam
861 2391 1054 2435 meam
1107 2379 1465 2435 mansionem
1512 2378 1905 2436 Dresdensem
1919 2422 1934 2449 ,
1989 2394 2109 2451 per
2169 2378 2399 2437 litteras

398 2477 648 2532 alterum
679 2475 1108 2547 consuluissem,
1150 2479 1395 2547 uterque
1428 2476 1577 2532 miro
1604 2490 1890 2533 consensu
1914 2476 2061 2533 milii
2082 2479 2400 2551 proposuit

396 2570 465 2629 id
493 2570 653 2643 quod
679 2572 882 2643 recepi
906 2565 1242 2651 Pasiphila
1257 2614 1274 2647 ‚
1319 2571 1480 2644 quod
1506 2586 1714 2629 nomen
1745 2569 2050 2631 Terentius
2080 2573 2150 2630 ni
2180 2574 2397 2632 mirum

396 2670 636 2741 scripsit
669 2662 977 2749 Pasipila.
1024 2669 1273 2740 denique
1300 2666 1572 2726 Heauton
1612 2668 2000 2727 timorumenu
2025 2675 2159 2743 post
2181 2685 2233 2726 v.
2273 2666 2394 2729 289
2423 2667 2432 2673 ’

395 2783 575 2825 unum
635 2781 867 2826 versum
925 2767 1163 2825 incuria
1234 2764 1615 2823 librariorum
1686 2766 1980 2826 excidisse
2042 2766 2398 2842 Rudolphus

394 2866 721 2925 Dietsclzius
757 2865 903 2923 minz·
937 2864 1304 2938 siqnificavit.

412 2997 417 3000 2
561 2962 794 3021 Dabam
829 2960 1226 3032 Francofurti
1276 2960 1364 3019 ad
1410 2961 1689 3021 Moenum
1742 2976 1939 3021 mense
1988 2960 2190 3037 Aprili
2249 2966 2398 3022 anni

398 3058 706 3119 MDCCC'L
721 3058 858 3119 VII.

2553 846 2559 1247 ss

2553 2043 2559 2394 Ι

2553 2451 2559 2552 1
