2575 4050
199 522 214 537 .
254 487 357 541 367
396 489 462 539 ad
495 487 599 541 390
634 488 840 539 iambici
873 489 1119 542 octonarii

260 570 363 621 391
397 570 464 621 ad
498 568 601 623 538
636 570 842 621 iambici
878 571 1068 622 senarii

258 652 363 705 539
400 653 468 704 ad
500 651 603 705 548
640 653 845 704 iambici
883 656 1160 722 septenarii

260 734 364 785 549
401 743 450 786 et
481 735 584 787 550
619 735 860 786 trochaici
894 737 1172 804 septenarii

262 818 361 869 551
401 825 450 869 et
477 819 579 870 552
614 819 821 869 iambici
853 822 1131 885 septenarii

260 900 361 953 553
393 902 460 951 ad
494 901 597 957 556
631 902 835 953 iambici
872 906 1114 956 octonarii
1229 931 1233 938 ι

259 986 379 1040 557.
419 984 521 1036 559
552 986 620 1035 ad
651 985 748 1037 561
785 987 991 1037 iambici
1025 989 1307 1055 septenarii

256 1067 356 1119 558
390 1067 679 1120 trochaicus
716 1071 1003 1120 octonarius

256 1149 357 1201 562
392 1151 457 1202 ad
496 1151 596 1203 591
634 1152 840 1202 iambici
877 1153 1122 1206 octonarii

256 1232 357 1285 592
391 1233 459 1284 ad
492 1232 594 1285 614
628 1234 835 1284 iambici
871 1237 1145 1303 septenarii

162 1343 185 1355 ·
254 1315 374 1369 615.
413 1313 517 1367 618
548 1316 615 1366 ad
645 1315 747 1369 620
781 1316 1023 1369 trochaici
1060 1315 1309 1373 octonarii

253 1397 356 1451 616
392 1407 440 1449 et
470 1398 567 1451 621
604 1400 848 1451 trochaici
882 1403 1160 1469 septenarii

251 1481 354 1533 617
390 1489 438 1532 et
470 1481 571 1534 622
608 1483 814 1534 iambici
846 1495 1089 1535 octonarn
1248 1529 1249 1532 ,

254 1563 357 1615 623
393 1565 460 1614 ad
494 1564 596 1617 628
631 1565 874 1616 trochaici
910 1565 1183 1634 septenarii

251 1647 354 1699 629
385 1648 453 1698 ad
481 1648 583 1700 642
620 1649 825 1699 iambici
858 1652 1046 1700 senarii

253 1729 355 1782 643
389 1737 439 1780 et
472 1730 574 1781 644
609 1731 853 1782 trochaici
889 1735 1133 1783 octonarii

251 1812 355 1864 645
391 1812 677 1864 trochaicus
713 1817 1029 1878 septenarius

162 1917 181 1929 “
252 1894 357 1945 646
393 1902 443 1944 et
472 1893 574 1946 648
608 1895 815 1947 iambici
851 1898 1095 1949 octonarii

249 1977 353 2030 647
391 1984 438 2028 et
473 1977 575 2030 652
609 1978 819 2030 iambici
850 1980 1155 2045 quaternarii

251 2062 356 2115 649
390 2069 439 2113 et
474 2062 575 2115 655
611 2063 853 2113 trochaici
887 2066 1164 2132 septenarii

248 2145 371 2200 650.
407 2144 527 2199 651.
566 2144 668 2197 653
704 2146 909 2197 iambici
945 2146 1187 2198 octonarii

241 2226 348 2278 654
379 2226 663 2278 trochaicus
699 2229 985 2278 octonarius

243 2308 349 2362 656
380 2317 429 2359 et
461 2309 561 2360 657
597 2310 802 2361 iambici
837 2312 1076 2362 octonarii

246 2391 353 2444 658
390 2393 636 2443 iambicus
674 2395 906 2444 senarius

243 2473 350 2526 659
385 2474 452 2525 ad
485 2474 587 2527 667
622 2475 827 2526 iambici
865 2478 1108 2528 octonarii

244 2555 349 2609 668
380 2558 448 2607 ad
482 2558 582 2609 702
624 2558 829 2609 iambici
859 2561 1048 2610 senarii

238 2638 343 2690 703
378 2639 446 2688 ad
475 2639 576 2692 726
610 2639 857 2690 trochaici
888 2643 1163 2708 septenarii

245 2723 348 2773 727
385 2723 453 2772 ad
486 2722 587 2774 737
623 2724 829 2785 iambici
864 2726 1108 2775 octonarii

243 2804 348 2858 738
383 2807 632 2857 iambicus
668 2809 898 2858 senarius

243 2887 348 2942 739
384 2889 452 2939 ad
482 2888 603 2941 746.
642 2887 745 2940 748
781 2888 1024 2941 trochaici
1060 2888 1308 2941 octonarii

243 2973 347 3024 747
383 2971 670 3023 trochaicus
703 2973 917 3024 dimeter
952 2970 1275 3024 catalecticus

242 3053 365 3108 749.
403 3054 525 3109 751.
560 3055 662 3107 752
695 3056 939 3106 trochaici
973 3055 1251 3119 septenarii

242 3138 349 3191 750
383 3138 633 3189 iambicus
670 3139 955 3191 octonarius

242 3220 346 3274 753
382 3229 432 3272 et
466 3223 568 3273 754
604 3223 812 3274 iambici
841 3222 1118 3288 septenarii

241 3305 346 3356 755
383 3305 451 3355 ad
484 3306 588 3358 770
624 3306 867 3359 trochaici
901 3306 1178 3374 septenarii

241 3389 340 3440 771
378 3389 446 3440 ad
478 3387 582 3440 787
615 3390 822 3442 iambici
857 3392 1096 3442 octonarii

237 3471 341 3524 788
376 3472 445 3523 ad
474 3471 576 3525 816
613 3474 857 3526 trochaici
892 3476 1166 3540 septenarii
