2575 4050
403 306 472 353 VI
1178 311 1540 354 PRAEFATIO

393 461 701 536 proponit.-
743 476 962 521 eorum
990 456 1245 519 mannis
1278 455 1523 540 gaudet
1558 461 1649 519 vel
1677 453 1959 518 horunce
1980 452 2156 519 redis
2180 453 2394 538 gestit.

403 552 558 616 dum
603 573 672 615 se
714 552 919 615 amari
960 548 1043 614 ab
1087 549 1264 614 hisce
1310 550 1441 636 (his
1487 549 1545 634 ε)
1591 550 1799 614 credit
1837 548 2062 615 crebro
2102 550 2172 613 in
2199 549 2399 613 Alba-

401 671 557 714 num
598 649 741 734 rapi
793 648 875 714 ob
931 647 1047 732 (ad
1089 657 1147 724 ε)
1202 646 1430 711 florem
1474 649 1711 711 aetatis
1757 668 1911 711 suae
1956 669 1988 709 ε
2045 650 2211 725 Oud„
2265 638 2402 712 item

398 749 687 825 Iosephus
716 747 989 823 Scaliqer
1027 749 1327 808 animadv.
1369 751 1433 808 in
1472 749 1888 822 chronoloqica
1914 739 2157 808 Eusebia·
2181 764 2253 824 p.
2282 747 2399 806 144

399 848 493 907 ed.
537 849 658 920 alt„
699 849 819 907 nisi
855 846 1016 921 quod
1046 847 1144 906 hic
1179 846 1360 906 verba
1398 840 1480 905 ob
1512 839 1737 904 florem
1771 841 2003 904 aetatis
2035 862 2188 905 suae
2234 845 2401 906 dele—

400 946 496 1003 vit.
575 959 656 1003 ex
703 943 856 1003 libro
905 942 1221 1002 Danielino
1259 941 1606 1018 Schopenus
1655 942 1768 1001 has
1817 943 2119 1017 excerpsit
2166 942 2403 1002 discre-

396 1045 608 1115 pantes
642 1041 1007 1114 scripturas:
1051 1034 1135 1098 ab
1177 1033 1299 1098 his*
1328 1071 1413 1083 -
1443 1034 1669 1098 credat
1693 1070 1781 1085 ·-—·
1807 1034 1998 1121 rapif
2154 1037 2235 1099 20
2257 1042 2406 1120 post

402 1132 679 1198 sublatis
719 1131 915 1195 rebus
966 1136 1100 1197 cod.
1139 1136 1298 1196 Dan.
1347 1133 1510 1217 ipsis
1565 1131 1837 1197 sublatis
1876 1133 2073 1197 rebus
2127 1153 2177 1193 ε.
2219 1133 2401 1216 ipsus

403 1229 676 1295 sublatis
716 1228 909 1292 rebus
943 1232 1091 1293 Oud.
1137 1230 1272 1293 suis
1318 1229 1589 1293 sublatis
1628 1229 1825 1293 rebus
1852 1233 2222 1294 Bitschelius.
2266 1231 2402 1293 suis

402 1325 638 1391 ablatis
668 1326 865 1411 rebus
901 1332 1157 1403 Wolfius.
1218 1328 1401 1411 ipsus
1436 1326 1708 1390 sublatis
1744 1327 1892 1391 ibus
1913 1330 2202 1404 Scaliaer.
2266 1326 2402 1390 suis

403 1422 716 1509 spoliatus
768 1424 965 1488 rebus
1022 1428 1308 1502 θεωρίας
1349 1427 1892 1503 Bezzenberoerus.
1965 1424 2145 1510 ipsus
2209 1424 2399 1487 laetis

401 1521 596 1585 rebus
650 1525 901 1586 Bothius
1069 1525 1143 1585 21
1195 1522 1510 1586 Graeciae
1557 1526 1808 1587 Bothius
1975 1524 2055 1584 22
2110 1529 2403 1584 mortuus

402 1628 500 1683 est
542 1640 574 1681 ε
631 1622 778 1683 Oud.
947 1622 1026 1683 23
1070 1618 1284 1705 Scipio
1328 1619 1427 1683 illi
1460 1619 1735 1705 profuit,
1786 1617 1880 1683 nil
1917 1617 2180 1682 Laelius
2238 1624 2405 1683 Wol—

395 1723 512 1791 fius
679 1717 759 1777 24
783 1714 975 1794 idem]
1010 1714 1081 1780 id
1114 1721 1356 1792 Wolfius
1523 1719 1604 1779 26
1647 1716 1759 1801 qui
1780 1753 1863 1764 —
1889 1714 2214 1780 seruolum
2243 1718 2404 1779 Sca-

400 1817 553 1888 liqer

567 1912 634 1970 P.
675 1912 714 1971 4
757 1929 810 1970 v.
855 1909 893 1969 2
932 1917 991 1973 et
1029 1912 1067 1973 6
1113 1907 1401 1974 Caecilio
1441 1918 1500 1973 et
1541 1906 1811 1973 Caecilii
1852 1912 2123 1973 Muretus
2161 1928 2405 1988 operum

398 2007 478 2069 II
509 2026 579 2084 p.·
597 2006 719 2070 655
763 2008 857 2070 ed.
880 2008 1139 2085 Ruhnk„
1183 2009 1473 2085 Scaliqer.
1543 2003 1774 2069 Caerio
1816 2003 2063 2092 (Oerio)
2097 2015 2160 2070 et
2188 2002 2406 2070 anrii

398 2101 636 2180 (Gerii)
691 2126 723 2167 ε
778 2107 959 2169 Oud..·
1009 2109 1096 2183 cf.
1137 2098 1494 2170 Bit-‘schelius
1533 2111 1573 2169 l.
1607 2110 1649 2168 l.
1692 2105 1911 2182 10:329
2082 2105 2120 2167 9
2165 2124 2250 2167 ex
2299 2103 2403 2168 his

398 2195 667 2286 Hecyra
703 2209 891 2266 sexta
912 2205 1180 2267 Bomius.
1243 2200 1509 2287 Hecyra
1544 2207 1732 2264 sexta
1763 2221 1844 2264 ex
1873 2200 1974 2265 his
2013 2220 2045 2261 ε
2087 2201 2233 2263 Oud.

402 2298 479 2367 10
523 2297 626 2362 bis
681 2298 845 2362 acta'
874 2320 925 2362 ε.
993 2298 1096 2364 bis
1154 2300 1260 2363 die
1311 2307 1457 2361 acta
1504 2301 1652 2362 Oud.
1715 2295 1819 2362 bis
1867 2316 1984 2383 pro
2039 2316 2209 2361 noua
2257 2303 2406 2360 acta

397 2394 754 2462 Bitschelius
787 2417 853 2475 p.
885 2398 1006 2460 333
1180 2400 1252 2458 11
1303 2394 1612 2458 uidelicet
1655 2415 1708 2455 ε.
1745 2393 1814 2456 id
1859 2401 1959 2456 est
2004 2396 2150 2457 Oud.
2327 2398 2403 2457 15

401 2491 742 2577 Scipion03
800 2514 1071 2578 eamque
1122 2494 1482 2570 Schopenus.
1574 2489 1875 2575 Scipione
1915 2501 2216 2575 'namque
2271 2495 2405 2554 cod.

397 2596 556 2656 Dan.
633 2589 953 2676 Scipione.
1010 2590 1286 2654 eandem
1334 2593 1557 2653 Donate·
1604 2591 1698 2651 ed.
1748 2590 1989 2651 Mentel.
2083 2584 2405 2673 Scipione,

400 2688 786 2775 quibuscum
821 2687 1236 2753 familiariter
1267 2688 1455 2751 uixit.
1501 2685 1773 2750 eandem
1807 2706 1838 2748 ε
1861 2694 2113 2765 praeter
2142 2690 2405 2765 Mentel„

404 2791 552 2852 Oud.
753 2791 825 2850 17
880 2784 1171 2850 maliuoli
1226 2807 1276 2848 ε.
1328 2782 1632 2848 maleuoli
1691 2786 1837 2847 Oud.
1853 2807 1873 2846 .-
1923 2787 2009 2860 σί.
2050 2786 2410 2849 Bitschelius

398 2890 556 2951 Mus.
599 2890 814 2964 philol.
873 2889 1001 2950 VII
1028 2906 1100 2966 p.
1140 2886 1257 2949 581
1439 2885 1515 2946 19
1555 2881 1903 2946 uehemens
1956 2882 2331 2946 existimant
2374 2907 2408 2946 ε

403 2985 551 3046 Oud.
753 2982 834 3046 24
892 2981 1140 3046 sciebat
1202 2991 1267 3045 et
1318 2979 1648 3045 Leliorum
1703 2979 1993 3067 Scipioni
2042 2984 2264 3044 Donati
2309 2986 2408 3045 ed.

404 3081 653 3156 Mentel„
704 3084 865 3144 unde
898 3083 1160 3156 fortasse
1197 3082 1570 3142 scribendum
1609 3088 1728 3142 est.-
1779 3076 2027 3140 sciebat
2070 3084 2134 3139 et
2176 3073 2409 3140 Laelio

400 3181 465 3237 et
507 3174 795 3260 Scipioni
964 3179 1046 3240 26
1091 3174 1164 3239 O.
1203 3174 1546 3238 Memmius
1586 3179 1716 3238 cod.
1750 3179 1926 3251 Dan„
1969 3178 2131 3253 quod
2166 3178 2411 3237 ccmae‘ec-

400 3281 538 3334 tura
579 3281 878 3336 assecutus
915 3281 1051 3337 erat
1083 3276 1155 3333 F.
1183 3274 1522 3334 Ellendtius
1548 3277 1775 3349 proleq.
1805 3277 1868 3334 in
1902 3274 2017 3334 Cic.
2045 3273 2301 3333 Brutum
2339 3289 2409 3347 p.

399 3370 557 3431 LXI
583 3371 676 3432 ed.
709 3389 811 3447 pr.
837 3366 965 3447 Qu.
1007 3366 1352 3431 Memmius
1397 3387 1448 3429 ε.
1492 3364 1570 3445 Q.
1615 3365 1957 3430 Memmius
2005 3368 2152 3429 Oud.
2324 3366 2408 3429 30

401 3467 753 3550 temperius
799 3488 849 3529 ε.
889 3466 1246 3551 temporius
1295 3468 1443 3530 Oud.

569 3566 635 3624 P.
674 3568 709 3626 5
755 3585 805 3627 v.
847 3568 874 3628 1
914 3585 983 3643 sq
1051 3585 1177 3650 quo
1219 3561 1485 3628 consule
1526 3560 1699 3624 ludis
1738 3558 2227 3645 Megalensibus
2261 3562 2412 3624 Rit-
