2575 4050
733 344 1134 395 SCRIPTVBAE
1170 350 1622 396 BENTLEIANAE
2049 350 2174 397 XIX

152 501 372 580 timeo]
423 509 627 562 metuo
798 508 896 563 631
962 510 1026 559 at
1080 502 1354 579 rogitas?
1526 502 1785 563 Chreme
1956 513 2059 567 632
2110 504 2172 569 id

154 586 409 667 quidem
579 593 684 648 638
725 584 873 663 quid
914 584 1203 645 uoluisti?
1373 596 1475 653 639
1514 587 1605 646 illi
1647 588 1789 646 anui
1958 596 2061 649 642
2101 589 2173 647 il-

154 673 311 731 lisce
485 676 590 732 644
622 667 879 727 Chreme
1049 678 1152 732 645
1192 667 1435 746 Quanto
1473 678 1542 743 tu
1581 690 1677 729 me
1719 690 1783 730 es
1827 671 1998 730 &nnis
2034 691 2173 749 gra-

155 757 322 828 uior,
366 753 540 811 tanto
587 771 651 810 es
692 752 1134 828 ignoscentior:
1309 762 1411 816 646
1453 754 1747 813 stultitiae
1792 755 2024 814 iustitia
2067 757 2175 814 tua

331 844 438 900 649
469 835 759 913 eloquere
927 845 1033 900 653
1073 837 1175 896 hic
1211 839 1262 896 is
1436 845 1537 900 655
1572 835 1683 899 CH.
1719 836 1884 914 Quid
1919 858 1993 897 ea
2036 859 2173 897 nar·

155 920 300 981 tat?
476 928 581 981 658
656 927 724 976 ut
781 938 881 977 om.
1056 928 1160 983 662
1221 921 1464 980 mulieri
1628 921 1901 980 Philtere
2071 932 2173 985 665

159 1004 428 1065 Chreme
609 1011 714 1066 668
772 1002 923 1060 haut
972 1005 1335 1082 permultum
1518 1013 1622 1067 670
1685 1004 1894 1083 aliqua
2072 1014 2176 1069 676

158 1089 333 1169 quid,
361 1087 416 1146 si
447 1085 582 1145 sic?
614 1085 992 1145 tantumdem
1022 1107 1153 1164 ago.
1328 1096 1429 1151 677
1464 1107 1619 1164 euge
1789 1096 1892 1151 689
1920 1108 2048 1162 res,
2084 1098 2177 1148 est

154 1171 514 1243 uidendum,
684 1178 785 1233 691
840 1172 1033 1229 sicine
1095 1173 1176 1230 mi
1224 1170 1684 1250 interloquere‘?
1856 1180 1959 1235 694
2015 1172 2172 1251 agis]

158 1275 313 1334 ages
485 1262 585 1317 697
621 1251 856 1330 Senex]
886 1254 1110 1314 Noster
1279 1264 1385 1317 702
1411 1276 1662 1315 narrare
1832 1261 1935 1318 707
1965 1254 2172 1335 prodis

332 1347 440 1402 708
475 1342 594 1395 sim
619 1340 777 1394 uncis·
945 1346 1050 1400 724
1098 1347 1187 1397 est
1221 1339 1528 1416 pollicitus
1698 1347 1801 1402 726
1842 1347 2005 1398 certo

156 1431 261 1487 727
283 1421 692 1482 Renuntiabit
858 1429 964 1484 '734
991 1418 1157 1498 Quid
1193 1422 1349 1481 haec
1376 1421 1662 1500 coeptat?
1831 1431 1934 1486 739
1977 1423 2171 1482 trdus-

160 1505 433 1566 eundum
485 1505 650 1563 nune
701 1503 813 1562 tibi
868 1504 948 1562 ad
996 1504 1425 1565 Menedemum
1465 1516 1559 1566 est
1726 1513 1825 1569 747
1870 1507 2021 1565 haut
2066 1507 2178 1565 scit

333 1597 440 1652 753
469 1587 586 1666 [Ita
617 1630 631 1645 .
666 1630 681 1645 .
713 1587 922 1665 filius]
1092 1596 1196 1651 755
1236 1587 1560 1649 Cotidiano
1729 1597 1835 1652 758
1865 1588 2172 1668 optabam]

161 1681 388 1752 exopto
558 1680 661 1734 769
697 1671 780 1731 Se
826 1691 959 1729 eam
999 1672 1345 1733 traduxisse
1515 1681 1620 1737 770
1648 1676 1827 1733 immo
1874 1676 1962 1733 sic
2006 1675 2173 1732 satis·

330 1765 434 1820 771
477 1754 627 1833 quid
667 1774 850 1834 super
892 1755 1180 1815 fallaciae
1225 1766 1319 1816 est
1484 1766 1588 1821 772
1633 1757 1715 1817 Se
1762 1757 1985 1817 deinde
2027 1756 2179 1815 dicit

331 1848 438 1902 776
466 1858 713 1916 prorsus
882 1847 987 1903 780
1013 1840 1172 1899 Nam
1201 1840 1632 1919 quemobrem?
1801 1850 1903 1905 781
1943 1841 2007 1899 in
2036 1859 2172 1918 per·

158 1921 434 2004 petuom]
507 1924 663 1982 serio
844 1931 948 1986 782
1022 1934 1282 1984 meumst
1461 1933 1566 1989 786
1639 1926 1903 1985 iusseras
2069 1930 2174 1985 787
2291 1962 2300 1969 ·

160 2007 426 2068 Chreme
595 2014 701 2073 788
740 2002 939 2086 quam]
986 2028 1121 2067 cum
1287 2018 1393 2073 790
1434 2008 1691 2088 aliquid]
1738 2007 1904 2069 aliud
2075 2014 2179 2070 793

161 2087 328 2152 Illuc
374 2091 689 2168 confugies
858 2099 958 2155 795
1002 2112 1148 2151 uere
1201 2093 1380 2164 illud,
1438 2093 1696 2152 Chreme
1864 2101 1969 2153 800
2012 2089 2175 2168 eum]

161 2177 329 2235 hune
499 2182 602 2238 806
653 2172 851 2250 Quam
1019 2185 1124 2238 810
1186 2193 1269 2251 sq.
1336 2176 1580 2255 quidem
1638 2193 1844 2243 omnes
1906 2174 1968 2232 di
2021 2172 2177 2232 deae

163 2259 548 2340 quantumst,
602 2258 788 2339 Syre,
838 2252 855 2339 l
892 2257 1042 2316 Cum
1080 2260 1185 2317 tuo
1211 2260 1330 2317 isto
1375 2260 1625 2318 inuento
1793 2266 1898 2320 816
1938 2257 2038 2316 Ne
2081 2275 2179 2315 me

162 2347 328 2402 istuc
362 2344 530 2421 prius
569 2361 647 2400 ex
689 2350 752 2400 te
921 2350 1027 2403 818
1049 2341 1216 2418 Quid
1241 2343 1425 2420 igitur
1456 2343 1565 2401 tibi
1594 2343 1689 2400 uis
1725 2338 1968 2399 dicam?
1999 2340 2180 2399 adisti

166 2427 315 2485 mihi
353 2446 623 2485 manumt
795 2434 899 2488 819
941 2426 1129 2484 liceat
1298 2435 1403 2489 823
1434 2424 1612 2502 Quod
1645 2436 1708 2485 e'1·
1752 2426 1816 2483 es
1847 2425 2176 2502 pollicitus.

334 2518 439 2572 825
471 2509 814 2569 fortunatus
841 2508 1019 2569 homo
1045 2529 1176 2569 sum
1343 2519 1448 2573 829
1469 2511 1572 2568 hic
1607 2507 1719 2586 est]
1746 2529 1909 2567 nunc
2076 2515 2182 2570 838

168 2592 465 2672 adposcet
633 2602 736 2655 842
791 2611 888 2651 me
955 2612 1117 2652 nunc
1285 2602 1392 2657 844
1448 2592 1705 2652 Chreme
1873 2601 1980 2655 848
2032 2590 2180 2669 quid

167 2675 427 2736 hominis
474 2676 560 2736 es.
592 2676 716 2735 Mn.
751 2674 944 2754 quid?
986 2673 1100 2736 Cn.
1130 2678 1330 2735 iamne
1499 2686 1600 2740 851
1646 2675 1906 2736 Chreme
2075 2682 2177 2736 857

167 2761 400 2819 Datum
439 2759 533 2819 iri.
702 2768 806 2823 859
833 2757 1092 2819 Chreme
1261 2769 1366 2823 862
1396 2760 1653 2819 Chreme
1821 2767 1928 2822 870
1966 2756 2082 2833 uti]
2113 2764 2183 2814 ut

167 2852 235 2901 ut
403 2850 505 2905 877
538 2842 740 2901 dictae
774 2843 837 2901 in
865 2843 1110 2902 stultum
1277 2852 1382 2908 879
1424 2837 1590 2914 O'he,
1632 2844 1754 2900 iam
1788 2842 2001 2900 desine
2033 2839 2179 2899 deos

335 2935 442 2990 883
486 2925 655 3004 Quos
700 2927 789 2989 ais
830 2925 1102 2987 homines
1149 2926 1438 2987 cessare?
1485 2925 1599 2985 Cn.
1647 2927 1851 2996 ehem,
1893 2944 2005 3003 per
2031 2924 2181 2982 tem·

171 3029 304 3089 pus,
331 3009 718 3082 Menedeme,
753 3009 1054 3069 Aduenis?
1224 3020 1328 3073 885
1360 3011 1599 3089 occepit
1766 3018 1872 3073 893
1902 3010 2184 3088 Sponsae

174 3113 400 3166 aurum,
427 3094 690 3166 uestem,
724 3094 980 3154 ancillas
1150 3103 1254 3157 894
1283 3094 1389 3174 qui
1413 3093 1582 3154 non?
1755 3092 2016 3153 Chreme

171 3185 270 3240 895
316 3177 758 3237 conficerentur
926 3187 1028 3241 912
1072 3178 1267 3236 animo
1318 3180 1472 3238 comi
1517 3197 1651 3238 esse
1696 3188 1759 3238 et
1926 3186 2027 3239 915
2056 3176 2181 3233 De-

171 3260 379 3320 rides?
422 3262 658 3321 merito,
697 3270 766 3321 ut
795 3261 942 3321 mihi
1110 3271 1211 3326 917
1243 3262 1383 3321 Nisi
1424 3262 1477 3321 si
1522 3263 1714 3322 essem
1885 3270 1989 3325 923
2026 3256 2184 3335 potis

175 3342 335 3421 esse]
390 3364 577 3423 posse
630 3352 693 3405 te
863 3353 966 3409 924
1010 3344 1176 3425 quod
1227 3354 1295 3405 tu
1335 3367 1431 3405 me
1471 3346 1695 3406 fecisse
1741 3345 1912 3403 aibas
2083 3348 2184 3402 925

171 3436 405 3504 patrem
463 3427 639 3505 esse]
701 3448 835 3488 esse
890 3437 1125 3506 patrem
1171 3438 1239 3488 ut
1408 3439 1513 3492 930
1563 3431 1729 3489 illius
1835 3449 1840 3454 ·
1900 3435 2000 3488 931
2056 3423 2186 3482 illic

172 3530 316 3571 uere
492 3521 597 3576 932
628 3511 809 3591 Quod
845 3511 1210 3573 incommodi
1250 3513 1365 3571 tibi
1401 3513 1464 3570 in
1500 3513 1618 3572 hdo
1645 3534 1713 3572 re
1883 3518 1984 3574 935
2010 3504 2183 3585 rogo]

173 3596 312 3654 uolo
490 3604 594 3659 936
619 3593 799 3674 Quod
818 3597 1013 3655 mauis
1182 3603 1282 3659 937
1306 3595 1472 3653 filiae
1616 3605 1741 3731 938b
1755 3593 2016 3718 *Chreme
