2575 4050
154 313 471 367 1267—91
868 310 1426 375 EVNVGHVS.
2079 310 2161 377 71

155 1369 275 1430 ΡΛ.
306 1355 315 1364 ’

153 1465 270 1526 ΡΗ.

153 2352 285 2415 Tn.

328 487 667 546 Restituam
721 502 790 542 ac
839 480 1113 542 reddam.
1221 478 1355 542 sola
1407 500 1569 542 sum:
1638 482 1836 543 habeo
1891 483 1994 543 hic
2049 483 2163 543 ne·
2283 516 2288 520 ·

1066 581 1291 642 minem

328 683 542 761 Neque
614 682 868 772 amicum
931 698 1137 760 neque
1217 683 1557 758 cognitum.
1683 702 1861 760 quam
1929 683 2164 760 obrem,

1069 778 1399 857 Phaedria,

329 879 521 960 Cupio
563 877 802 957 aliquos
832 894 1055 957 parere
1097 873 1319 937 amicos
1361 877 1663 937 beneficio
1706 897 1861 940 meo.

325 976 396 1037 Id
433 978 644 1036 amabo
689 974 894 1035 adiuta
935 976 1066 1054 me,
1111 995 1229 1053 quo
1273 974 1341 1036 id
1366 976 1475 1035 fiat
1518 975 1777 1037 facilius,
2063 987 2164 1041 150
2199 997 2254 1040 ἰο

329 1074 475 1133 Sine
505 1072 682 1133 illum
721 1074 965 1154 priores
997 1074 1192 1152 partis
1228 1073 1418 1134 hosce
1450 1071 1684 1152 aliqudt
1727 1072 1861 1134 dies

328 1171 511 1253 Apud
545 1191 643 1233 me
679 1173 930 1233 habere.
1002 1171 1094 1232 nn
1135 1171 1524 1253 respondes?
1608 1174 1724 1233 Pa.
1767 1174 2077 1251 Pessuma‚

325 1272 502 1349 Egon
541 1272 856 1350 quicquam
901 1289 1036 1330 cum
1075 1270 1214 1330 istis
1254 1270 1434 1329 factis
1473 1271 1587 1330 tibi
1628 1268 2079 1351 respondeam?

329 1368 426 1429 Eu
461 1371 710 1446 noster,
750 1367 966 1428 laudo:
1007 1366 1255 1428 taudem
1301 1366 1649 1448 perdoluit:
1693 1370 1790 1428 uir
1834 1387 1919 1429 es.

330 1465 412 1525 At
454 1466 570 1544 ego
611 1466 953 1545 nescibam,
999 1466 1285 1544 quorsum
1328 1469 1398 1523 tu
1432 1467 1589 1524 ires:
1635 1464 1911 1545 ‘paruola
2059 1474 2159 1528 155
2197 1484 2250 1527 π

328 1564 492 1623 Hinc
539 1564 634 1623 est
675 1564 955 1643 abrepta:
1014 1560 1228 1622 eduxit
1270 1567 1468 1623 mater
1502 1565 1617 1643 pro
1662 1582 1796 1622 sua:

330 1660 527 1720 Soror
561 1658 812 1721 dictast:
867 1662 1046 1741 cupio
1091 1659 1434 1741 abducere,
1479 1667 1548 1721 ut
1587 1659 1842 1722 reddam
1884 1662 2076 1721 suis:’

327 1760 562 1840 Nempe
611 1762 813 1821 omnia
857 1762 1012 1821 haec
1060 1779 1223 1821 nunc
1277 1762 1471 1822 uerba
1517 1764 1637 1823 huc
1678 1761 1947 1823 redeunt
1989 1761 2164 1824 deni-

1068 1879 1218 1939 que:

327 1958 672 2038 Excludor‚
715 1957 831 2020 ille
875 1960 1192 2041 recipitur.
1274 1978 1392 2042 qua
1434 1960 1672 2041 gratia?

326 2058 459 2119 Nisi
513 2059 566 2118 si
616 2057 789 2118 illum
842 2057 979 2139 plus
1031 2079 1208 2138 quam
1275 2060 1373 2119 me
1429 2078 1589 2118 amas
1647 2065 1713 2117 et
1763 2060 1941 2118 istam
1998 2056 2160 2117 minc
2197 2075 2251 2119 ao

1072 2159 1274 2236 times,
2063 2165 2165 2219 160

333 2255 501 2332 Quae
543 2254 859 2316 aduectast
875 2299 894 2335 ‚
947 2276 1027 2316 ne
1069 2256 1242 2317 illum
1281 2255 1470 2316 'talem
1512 2256 1850 2337 praeripiet
1890 2257 2024 2316 tibi.

333 2353 465 2432 Ego
509 2352 576 2414 id
615 2355 846 2414 timeo?
937 2355 1057 2416 ΡΗ.
1108 2353 1270 2432 Quid
1311 2360 1378 2414 te
1420 2372 1569 2433 ergo
1614 2351 1784 2414 iliud
1828 2352 2165 2415 sollicita?

1071 2452 1247 2514 cedo.

330 2548 484 2610 Num
528 2548 693 2611 solus
736 2547 849 2610 ille
894 2549 1052 2611 dona
1097 2550 1246 2613 dat?
1313 2552 1603 2612 numcubi
1640 2569 1834 2610 meam

327 2648 775 2726 Benignitatem
818 2650 1068 2710 sensisti
1107 2651 1174 2709 in
1212 2656 1277 2710 te
1323 2648 1601 2711 claudier
1615 2650 1648 2708 ‘3

329 2746 548 2806 Nonne
588 2747 696 2806 ubi
735 2747 817 2807 mi
859 2746 1010 2809 dixti
1051 2748 1280 2828 ct'lpere
1318 2754 1385 2809 te
1424 2767 1499 2808 ex
1541 2747 1870 2827 Aethiopia
2065 2756 2165 2810 165
2200 2764 2254 2807 85

328 2841 734 2923 Ancillulam,
777 2844 1016 2906 relictis
1056 2849 1243 2907 rebus
1291 2849 1569 2908 omnibus

330 2943 666 3018 quaesiui?
705 2963 895 3024 porro
939 2946 1286 3006 eunuchum
1331 2944 1484 3006 dixti
1523 2941 1689 3004 uelle
1730 2935 1818 3022 te,

330 3041 485 3116 Quia
522 3039 693 3101 solae
733 3048 989 3102 utuntur
1029 3043 1124 3104 his
1168 3044 1451 3121 reginae:
1510 3042 1785 3122 repperi,

328 3138 488 3197 Heri
524 3139 720 3199 minas
761 3141 979 3218 uiginti
1019 3159 1135 3221 pro
1181 3142 1475 3202 ambobus
1518 3139 1683 3202 dedi.

331 3235 567 3296 Tamen
646 3244 1032 3319 contemptus
1102 3241 1209 3299 abs
1288 3244 1354 3299 te
1425 3239 1580 3299 haec
1650 3237 1836 3298 habui
1903 3237 1969 3295 in
2039 3237 2168 3296 me·
2203 3251 2260 3294 oo

1073 3338 1295 3397 moria:
2066 3341 2170 3398 170

327 3429 426 3491 01)
483 3431 638 3492 haec
691 3432 855 3493 facta
911 3436 1018 3494 abs
1069 3442 1135 3494 te
1197 3433 1490 3516 spernor!
1596 3431 1719 3492 ΤΗ.
1791 3430 1954 3508 Quid
2006 3432 2172 3511 istic,

1078 3530 1423 3592 Phaedria?
