2575 4050
343 320 445 367 XII
1137 326 1245 368 ms
1255 324 1619 369 OREPANTIA

345 474 497 533 forte
667 483 770 538 368
812 475 1104 553 conspexi
1271 485 1375 539 369
1414 476 1479 532 in
1524 492 1735 533 cenam
1761 472 1943 533 obolo
2113 481 2216 537 372
2241 493 2350 534 ne-

343 576 515 617 cesse
683 566 783 621 377
815 565 869 617 et
894 567 998 623 378
1029 561 1223 616 ordine
1261 565 1476 617 inverso
1647 566 1749 620 382
1793 555 2183 637 quamobrem
2216 577 2351 617 eam

343 641 564 720 oppido
591 643 791 700 eiciat.
818 641 931 700 ΡΑ.
959 640 1186 701 eiciat?
1215 643 1340 702 DA.
1380 641 1452 700 ac
1485 641 1601 699 cito
1767 648 1897 714 post
1914 661 1965 699 v.
2000 650 2101 704 395
2131 646 2351 715 siqnum

338 729 577 783 lacunae
628 728 777 783 deest
942 734 1046 789 398
1094 725 1303 785 Aliam
1470 733 1574 785 402
1631 723 1937 782 desertum
2003 725 2079 782 iri
2245 732 2352 785 404

340 818 446 869 aut
475 802 642 889 quid]
681 808 906 889 quidue
1074 817 1179 873 413
1210 810 1598 869 obseruarem
1763 815 1869 870 423
1905 808 2027 867 DA.
2062 808 2211 868 Sum
2238 826 2350 865 ue·

336 892 485 952 rus?
530 893 643 951 ΒΥ.
689 911 827 952 erus
994 900 1097 956 427
1141 893 1258 951 sibi
1303 910 1439 951 esse
1489 890 1648 950 bene
1690 891 1954 950 mauelle
1999 911 2181 972 quam

334 984 441 1038 428
480 976 616 1054 Ego
661 996 796 1034 cum
837 976 1007 1035 illam
1175 984 1277 1040 437
1317 971 1449 1055 Nil]
1501 972 1661 1051 ego?
1700 974 1790 1034 nil
1956 984 2059 1039 439
2087 974 2349 1052 Propter

335 1059 597 1137 hospitai
614 1060 866 1119 huiusce
893 1058 1394 1119 consuetudinem
1560 1066 1664 1119 442
1685 1059 1854 1136 ipsus
1875 1078 2009 1117 eam
2026 1078 2156 1117 rem
2177 1058 2349 1116 recta

335 1146 643 1222 reputauit
808 1151 909 1205 447
934 1143 1130 1205 uisust
1159 1144 1294 1203 esse
1327 1141 1776 1222 aliquantillum
1942 1149 2048 1205 448
2073 1160 2204 1201 rem
2239 1160 2347 1202 om.

501 1235 601 1289 451
636 1226 936 1289 drachmis
1104 1234 1205 1290 457
1239 1224 1408 1303 Quid
1434 1227 1557 1285 hoc
1589 1234 1681 1284 est
1711 1223 1868 1284 reii‘?
1900 1224 2048 1304 quid
2075 1226 2178 1284 hic

335 1319 437 1374 459
466 1317 535 1368 ιιι
564 1309 775 1370 dixisti
941 1318 1048 1374 478
1064 1311 1291 1369 Hicine
1324 1329 1421 1369 me
1456 1310 1508 1368 si
1532 1309 1872 1386 inparatum
2040 1316 2144 1372 479
2173 1305 2340 1387 mihi]

335 1413 432 1453 me
600 1401 701 1456 481
742 1393 1030 1475 Archylis
1198 1402 1304 1457 483
1345 1394 1445 1452 fac
1488 1395 1681 1451 istaec
1708 1391 1907 1451 lauet:
1948 1399 2090 1469 post
2122 1390 2345 1451 deinde

502 1486 607 1540 488
646 1477 788 1536 huic
833 1486 926 1536 est
964 1479 1196 1537 ueritus
1365 1485 1470 1539 490
1511 1495 1660 1554 opus
1702 1476 1866 1535 facto
1912 1483 2076 1535 esset
2242 1483 2348 1539 499

336 1562 452 1619 siet
492 1563 900 1620 renuntiatum
1070 1571 1175 1623 500
1214 1561 1345 1620 Μίιι
1390 1559 1759 1639 quicquam?
1930 1569 2034 1622 503
2075 1559 2345 1638 pernosti

334 1663 433 1703 me
601 1653 704 1705 504
734 1645 869 1720 Ego
901 1645 1023 1703 non
1062 1643 1169 1702 te?
1207 1644 1331 1702 DA.
1376 1650 1496 1715 set,
1540 1644 1596 1701 si
1638 1641 1787 1721 quid
1825 1662 2073 1701 narrare
2244 1651 2350 1705 516

333 1731 452 1785 sine
492 1732 679 1785 uncts:
723 1728 788 1785 ni
829 1728 923 1799 fit,
965 1734 1034 1785 ιιι
1072 1727 1328 1805 puerum
1368 1734 1436 1784 ut
1459 1724 1707 1798 uideas„
1752 1725 1842 1787 nss
2011 1734 2111 1788 517
2144 1720 2343 1805 quom]

335 1809 442 1868 ubi
609 1818 710 1872 521
756 1809 836 1867 da
877 1809 1026 1868 mihi
1192 1819 1295 1872 525
1324 1808 1532 1888 Atque
1574 1809 1724 1868 haut
1763 1809 1891 1868 scio
2063 1816 2164 1871 527
2209 1810 2346 1887 ipse

506 1891 808 1952 Chremen
976 1902 1079 1956 529
1122 1891 1384 1970 Quando
1439 1892 1592 1952 alias
1759 1901 1863 1956 532
1917 1893 2113 1971 ipsum
2159 1890 2347 1952 Chre-

335 1996 476 2036 men
644 1984 749 2040 534
799 1994 884 2051 sq.
927 1977 1109 2037 hodie
1167 1977 1360 2036 filiam
1397 1973 1407 2058 Ι
1444 1977 1645 2036 Meam
1685 1974 1920 2037 nubere
1961 1984 2066 2036 ιιιο
2238 1984 2345 2042 536

333 2061 663 2120 Ausculta:
730 2063 942 2139 paucis
1114 2061 1276 2142 quod
1342 2069 1409 2120 tu
1578 2070 1684 2123 538
1737 2069 1800 2120 te
1855 2080 1968 2138 ego
2026 2059 2172 2119 deos

338 2142 597 2204 Chreme
736 2153 840 2207 540
872 2154 1121 2223 gnatam
1151 2154 1318 2205 tuam
1452 2155 1556 2208 550
1590 2142 1848 2204 Chreme
1983 2153 2085 2208 555
2116 2161 2202 2218 sq.
2237 2145 2345 2203 in-

334 2230 613 2304 tegratio.
631 2229 722 2290 81.
735 2228 893 2305 hem,
933 2227 943 2310 Ι
980 2229 1055 2289 Ιᾶ
1184 2238 1288 2293 560
1311 2227 1747 2289 consuetudine
1764 2235 1827 2287 et
1959 2237 2067 2290 561
2083 2225 2344 2290 Chreme

501 2321 602 2376 565
633 2314 792 2371 scias
959 2320 1062 2375 571
1093 2313 1374 2372 inuenias
1544 2319 1647 2375 573
1674 2309 2069 2370 intercludier
2238 2319 2346 2374 574

337 2393 592 2454 Chreme
762 2403 865 2457 582
904 2414 1035 2453 sum
1074 2396 1183 2454 abs
1225 2403 1317 2466 te,
1368 2396 1580 2466 Daue,
1623 2413 1703 2453 ne
1872 2402 1976 2457 589
2019 2412 2132 2470 ego
2173 2395 2345 2473 quiui

500 2487 600 2541 591
628 2479 914 2555 periimus
1083 2487 1186 2541 592
1207 2476 1448 2536 audiam
1616 2485 1720 2539 596
1751 2476 2056 2553 corrigere
2086 2478 2171 2536 mi
2191 2477 2343 2555 gna-

332 2568 458 2619 tum
626 2569 731 2624 603
756 2579 840 2635 sq.
861 2560 1203 2638 Pamphilo,
1232 2560 1372 2619 hem
1408 2556 1420 2641 Ι
1457 2558 1763 2618 Astu‘tias:
1935 2567 2038 2622 606
2061 2579 2156 2619 me
2179 2580 2343 2621 nuuc

501 2651 601 2707 607
644 2644 846 2703 hodie.
889 2645 1065 2723 perii.
1109 2652 1297 2722 atque
1468 2652 1571 2706 610
1611 2643 1867 2702 inultum
1909 2642 1973 2701 id
2011 2663 2341 2723 numquam

335 2747 373 2784 a
414 2747 509 2786 me
541 2727 780 2787 auferet
874 2785 884 2793 ,
948 2737 1049 2790 611
1084 2727 1214 2786 fore
1257 2747 1382 2802 me,
1427 2728 1595 2804 minc
1632 2729 1687 2785 si
1725 2726 1843 2785 hoc
1874 2725 2080 2787 deuito
2116 2726 2341 2787 malum

500 2819 605 2874 613
645 2830 767 2890 qua
807 2810 1033 2870 fiducia
1199 2820 1304 2873 614
1324 2812 1450 2870 DA.
1483 2828 1599 2869 nec
1640 2809 1788 2888 quid
1814 2829 1938 2883 me,
1984 2818 2170 2890 atque

331 2902 433 2956 615
465 2892 792 2972 producam
959 2902 1062 2957 616
1098 2894 1245 2973 quid
1279 2893 1454 2972 agis?
1627 2902 1730 2956 624
1759 2889 1921 2973 sinit]
1966 2901 2172 2953 monet

331 2985 434 3039 629
460 2994 545 3052 sq.
586 2979 764 3035 immo
808 2976 875 3036 id
920 2984 1015 3036 est
1056 2978 1246 3055 genus
1287 2977 1594 3036 hominum
1633 2978 2009 3055 pessumum,
2061 2977 2124 3035 in
2160 2974 2172 3057 Ι
2209 2977 2338 3038 De·

330 3060 612 3136 negando
781 3069 880 3124 631
934 3069 1170 3139 tempus
1340 3070 1443 3123 633
1494 3066 1614 3119 sine
1649 3065 1837 3120 uncis:
1891 3057 2070 3140 cogit]
2118 3062 2340 3137 premit

498 3152 791 3207 635-638
835 3142 987 3221 Quis
1030 3153 1097 3203 tu
1149 3145 1326 3204 homo
1374 3144 1485 3203 es?
1540 3146 1674 3224 quis
1718 3145 1866 3203 mihi
1911 3143 2027 3206 es?
2071 3145 2177 3202 cur
2221 3163 2337 3221 ego

331 3227 526 3285 metim
574 3225 729 3285 tibi?
783 3228 965 3301 heus,
1017 3223 1028 3308 Ι
1075 3229 1419 3289 Proxumus
1475 3230 1605 3287 sum
1649 3235 1887 3305 egomet
1923 3229 2022 3286 mi,
2068 3235 2339 3287 attamen

330 3309 437 3368 ubi
476 3309 630 3369 fides
666 3305 678 3392 Ι
716 3309 786 3370 Si
827 3331 1031 3389 roges,
1076 3313 1165 3372 nss
1204 3312 1437 3391 pudent
1476 3312 1607 3385 hic,
1664 3310 1771 3370 ubi
1808 3317 2013 3393 opust:
2064 3310 2195 3372 sslic
2229 3310 2338 3373 ubi

334 3396 346 3471 Ι
387 3392 496 3452 Nss
532 3402 741 3478 opust,
796 3394 884 3455 ibi
919 3406 1228 3457 uei-entur.
1397 3403 1501 3458 640
1535 3403 1719 3474 atque
1882 3400 1989 3458 641
2015 3391 2279 3455 Multum
2290 3390 2331 3470 τ]

330 3473 484 3536 Nil?
649 3486 753 3542 644
792 3478 905 3538 PA.
953 3477 1118 3556 Quid
1164 3483 1251 3540 ita
1294 3476 1582 3538 tandem?
1626 3477 1741 3537 Cn.
1790 3477 1973 3537 etiam
2014 3496 2111 3536 me
2156 3477 2336 3537 dictis

333 3559 557 3621 ducere
596 3562 729 3624 istis
768 3562 1090 3640 postulas?
1257 3571 1359 3626 647
1390 3562 1645 3622 solidum
1678 3562 1931 3624 uisumst
2099 3570 2203 3624 650
2232 3560 2335 3620 hic
