<?xml version="1.0" encoding="UTF-8"?>
<!DOCTYPE html PUBLIC "-//W3C//DTD XHTML 1.0 Transitional//EN"
    "http://www.w3.org/TR/xhtml1/DTD/xhtml1-transitional.dtd">
<html xmlns="http://www.w3.org/1999/xhtml" xml:lang="en" lang="en">
 <head>
  <title>
</title>
<meta http-equiv="Content-Type" content="text/html;charset=utf-8" />
  <meta name='ocr-system' content='tesseract 3.04.00' />
  <meta name='ocr-capabilities' content='ocr_page ocr_carea ocr_par ocr_line ocrx_word'/>
</head>
<body>
  <div class='ocr_page' id='page_1' title='image "./pterenticomoedi00unkngoog_0028.png"; bbox 0 0 2575 4050; ppageno 0'>
   <div class='ocr_carea' id='block_1_1' title="bbox 385 323 1588 371">
    <p class='ocr_par' dir='ltr' id='par_1_1' title="bbox 385 323 1588 371">
     <span class='ocr_line' id='line_1_1' title="bbox 385 323 1588 371; baseline -0.003 0"><span class='ocrx_word' id='word_1_1' title='bbox 385 323 489 371; x_wconf 68' lang='lat' dir='ltr'><strong>XX,</strong></span> <span class='ocrx_word' id='word_1_2' title='bbox 1107 327 1215 369; x_wconf 78' lang='lat' dir='ltr'><strong>ms</strong></span> <span class='ocrx_word' id='word_1_3' title='bbox 1223 324 1588 369; x_wconf 72' lang='lat' dir='ltr'>GREPANTIA</span> 
     </span>
    </p>
   </div>
   <div class='ocr_carea' id='block_1_2' title="bbox 381 475 2402 571">
    <p class='ocr_par' dir='ltr' id='par_1_2' title="bbox 381 475 2402 571">
     <span class='ocr_line' id='line_1_2' title="bbox 381 475 2402 571; baseline -0.002 -29"><span class='ocrx_word' id='word_1_4' title='bbox 381 487 483 571; x_wconf 78' lang='grc'><strong>941</strong></span> <span class='ocrx_word' id='word_1_5' title='bbox 545 484 639 536; x_wconf 83' lang='lat' dir='ltr'><strong>est</strong></span> <span class='ocrx_word' id='word_1_6' title='bbox 695 475 848 553; x_wconf 75' lang='lat' dir='ltr'><strong>opus</strong></span> <span class='ocrx_word' id='word_1_7' title='bbox 1019 484 1119 540; x_wconf 91' lang='grc'>947</span> <span class='ocrx_word' id='word_1_8' title='bbox 1175 476 1348 535; x_wconf 81' lang='lat' dir='ltr'><strong>mitte</strong></span> <span class='ocrx_word' id='word_1_9' title='bbox 1399 495 1473 535; x_wconf 82' lang='lat' dir='ltr'><strong>ac</strong></span> <span class='ocrx_word' id='word_1_10' title='bbox 1525 476 1656 536; x_wconf 87' lang='lat' dir='ltr'><strong>sine</strong></span> <span class='ocrx_word' id='word_1_11' title='bbox 1827 484 1932 539; x_wconf 87' lang='lat'><strong>950</strong></span> <span class='ocrx_word' id='word_1_12' title='bbox 1987 476 2098 538; x_wconf 78' lang='lat' dir='ltr'><strong>Set</strong></span> <span class='ocrx_word' id='word_1_13' title='bbox 2154 475 2402 555; x_wconf 82' lang='lat' dir='ltr'><strong>Syrum.</strong></span> 
     </span>
    </p>
   </div>
   <div class='ocr_carea' id='block_1_3' title="bbox 324 563 2409 1905">
    <p class='ocr_par' dir='ltr' id='par_1_3' title="bbox 324 563 2405 980">
     <span class='ocr_line' id='line_1_3' title="bbox 383 563 2401 653; baseline -0.001 -19"><span class='ocrx_word' id='word_1_14' title='bbox 383 577 510 634; x_wconf 70' lang='lat' dir='ltr'><strong>Me.</strong></span> <span class='ocrx_word' id='word_1_15' title='bbox 550 572 697 653; x_wconf 87' lang='lat' dir='ltr'><strong>quid</strong></span> <span class='ocrx_word' id='word_1_16' title='bbox 740 569 923 631; x_wconf 75' lang='lat' dir='ltr'><strong>eum?</strong></span> <span class='ocrx_word' id='word_1_17' title='bbox 957 570 1071 632; x_wconf 76' lang='lat' dir='ltr'><strong>Cn.</strong></span> <span class='ocrx_word' id='word_1_18' title='bbox 1111 574 1250 651; x_wconf 70' lang='lat' dir='ltr'><strong>ego,</strong></span> <span class='ocrx_word' id='word_1_19' title='bbox 1293 575 1347 633; x_wconf 89' lang='lat' dir='ltr'><strong>si</strong></span> <span class='ocrx_word' id='word_1_20' title='bbox 1374 574 1548 647; x_wconf 88' lang='lat' dir='ltr'><strong>uiuo,</strong></span> <span class='ocrx_word' id='word_1_21' title='bbox 1594 593 1729 632; x_wconf 85' lang='lat' dir='ltr'><strong>eum</strong></span> <span class='ocrx_word' id='word_1_22' title='bbox 1760 571 1916 631; x_wconf 70' lang='lat' dir='ltr'><strong>adeo</strong></span> <span class='ocrx_word' id='word_1_23' title='bbox 2088 582 2189 636; x_wconf 89' lang='lat'><strong>951</strong></span> <span class='ocrx_word' id='word_1_24' title='bbox 2219 563 2401 632; x_wconf 84' lang='lat' dir='ltr'><strong>A&#39;deo</strong></span> 
     </span>
     <span class='ocr_line' id='line_1_4' title="bbox 382 656 2400 737; baseline -0.002 -19"><span class='ocrx_word' id='word_1_25' title='bbox 382 677 638 737; x_wconf 84' lang='lat' dir='ltr'><strong>pexum,</strong></span> <span class='ocrx_word' id='word_1_26' title='bbox 689 675 886 735; x_wconf 85' lang='lat' dir='ltr'><strong>usque</strong></span> <span class='ocrx_word' id='word_1_27' title='bbox 941 658 1012 716; x_wconf 67' lang='lat' dir='ltr'><strong>fit</strong></span> <span class='ocrx_word' id='word_1_28' title='bbox 1177 665 1281 721; x_wconf 84' lang='lat'><strong>956</strong></span> <span class='ocrx_word' id='word_1_29' title='bbox 1324 656 1577 734; x_wconf 83' lang='lat' dir='ltr'><strong>factum]</strong></span> <span class='ocrx_word' id='word_1_30' title='bbox 1625 657 1864 715; x_wconf 84' lang='lat' dir='ltr'><strong>facinus</strong></span> <span class='ocrx_word' id='word_1_31' title='bbox 2032 664 2136 720; x_wconf 86' lang='lat'><strong>966</strong></span> <span class='ocrx_word' id='word_1_32' title='bbox 2176 675 2400 734; x_wconf 86' lang='lat' dir='ltr'><strong>proxu-</strong></span> 
     </span>
     <span class='ocr_line' id='line_1_5' title="bbox 383 740 2405 818; baseline 0.001 -17"><span class='ocrx_word' id='word_1_33' title='bbox 383 743 546 813; x_wconf 80' lang='lat' dir='ltr'><strong>mos,</strong></span> <span class='ocrx_word' id='word_1_34' title='bbox 603 740 716 800; x_wconf 84' lang='lat' dir='ltr'><strong>tibi</strong></span> <span class='ocrx_word' id='word_1_35' title='bbox 774 740 879 818; x_wconf 85' lang='lat' dir='ltr'><strong>qui</strong></span> <span class='ocrx_word' id='word_1_36' title='bbox 937 748 1143 799; x_wconf 87' lang='lat' dir='ltr'><strong>erant:</strong></span> <span class='ocrx_word' id='word_1_37' title='bbox 1201 743 1291 800; x_wconf 84' lang='lat' dir='ltr'><strong>eis</strong></span> <span class='ocrx_word' id='word_1_38' title='bbox 1460 748 1565 804; x_wconf 84' lang='lat'><strong>973</strong></span> <span class='ocrx_word' id='word_1_39' title='bbox 1618 741 1811 799; x_wconf 78' lang='lat' dir='ltr'><strong>istaec</strong></span> <span class='ocrx_word' id='word_1_40' title='bbox 1852 742 2126 818; x_wconf 78' lang='lat' dir='ltr'><strong>prauitas</strong></span> <span class='ocrx_word' id='word_1_41' title='bbox 2295 748 2405 803; x_wconf 92' lang='grc'><strong>978</strong></span> 
     </span>
     <span class='ocr_line' id='line_1_6' title="bbox 386 821 2403 905; baseline -0.001 -21"><span class='ocrx_word' id='word_1_42' title='bbox 386 824 562 905; x_wconf 88' lang='lat' dir='ltr'><strong>quid,</strong></span> <span class='ocrx_word' id='word_1_43' title='bbox 607 821 813 903; x_wconf 74' lang='lat' dir='ltr'><strong>Syre?</strong></span> <span class='ocrx_word' id='word_1_44' title='bbox 858 821 971 883; x_wconf 73' lang='lat' dir='ltr'><strong>SY.</strong></span> <span class='ocrx_word' id='word_1_45' title='bbox 1000 823 1164 883; x_wconf 71' lang='lat' dir='ltr'><strong>finde</strong></span> <span class='ocrx_word' id='word_1_46' title='bbox 1194 826 1277 883; x_wconf 92' lang='lat' dir='ltr'><strong>mi</strong></span> <span class='ocrx_word' id='word_1_47' title='bbox 1307 824 1582 903; x_wconf 79' lang='lat' dir='ltr'><strong>peterem</strong></span> <span class='ocrx_word' id='word_1_48' title='bbox 1624 822 1852 884; x_wconf 83' lang='lat' dir='ltr'><strong>cibum:</strong></span> <span class='ocrx_word' id='word_1_49' title='bbox 2022 831 2125 888; x_wconf 90' lang='grc'><strong>979</strong></span> <span class='ocrx_word' id='word_1_50' title='bbox 2151 822 2251 882; x_wconf 76' lang='lat' dir='ltr'><strong>Ita</strong></span> <span class='ocrx_word' id='word_1_51' title='bbox 2284 828 2403 884; x_wconf 81' lang='lat' dir='ltr'><strong>nos</strong></span> 
     </span>
     <span class='ocr_line' id='line_1_7' title="bbox 324 908 2232 980; baseline -0.002 -13"><span class='ocrx_word' id='word_1_52' title='bbox 324 946 327 947; x_wconf 27' lang='grc' dir='ltr'><em>ν</em></span> <span class='ocrx_word' id='word_1_53' title='bbox 386 908 764 968; x_wconf 66' lang='lat' dir='ltr'><strong>abalienauit</strong></span> <span class='ocrx_word' id='word_1_54' title='bbox 900 916 1037 971; x_wconf 85' lang='grc'>’989</span> <span class='ocrx_word' id='word_1_55' title='bbox 1077 909 1364 980; x_wconf 83' lang='lat' dir='ltr'><strong>inuenta,</strong></span> <span class='ocrx_word' id='word_1_56' title='bbox 1408 908 1660 967; x_wconf 78' lang='lat' dir='ltr'><strong>inuenta</strong></span> <span class='ocrx_word' id='word_1_57' title='bbox 1700 927 1847 967; x_wconf 82' lang='lat' dir='ltr'><strong>uero</strong></span> <span class='ocrx_word' id='word_1_58' title='bbox 1910 915 2003 967; x_wconf 80' lang='lat' dir='ltr'><strong>est</strong></span> <span class='ocrx_word' id='word_1_59' title='bbox 2043 908 2232 967; x_wconf 69' lang='lat' dir='ltr'><strong>cansa</strong></span> 
     </span>
    </p>

    <p class='ocr_par' dir='ltr' id='par_1_4' title="bbox 386 991 2225 1070">
     <span class='ocr_line' id='line_1_8' title="bbox 386 991 2225 1070; baseline -0.004 -14"><span class='ocrx_word' id='word_1_60' title='bbox 386 1002 492 1056; x_wconf 87' lang='grc'><strong>990</strong></span> <span class='ocrx_word' id='word_1_61' title='bbox 513 991 627 1051; x_wconf 92' lang='lat' dir='ltr'><strong>hoc</strong></span> <span class='ocrx_word' id='word_1_62' title='bbox 641 999 765 1049; x_wconf 86' lang='lat' dir='ltr'><strong>tam</strong></span> <span class='ocrx_word' id='word_1_63' title='bbox 792 999 926 1050; x_wconf 81' lang='lat' dir='ltr'><strong>esse</strong></span> <span class='ocrx_word' id='word_1_64' title='bbox 1098 1000 1202 1055; x_wconf 82' lang='lat'><strong>993</strong></span> <span class='ocrx_word' id='word_1_65' title='bbox 1228 991 1367 1070; x_wconf 86' lang='lat' dir='ltr'><strong>ego]</strong></span> <span class='ocrx_word' id='word_1_66' title='bbox 1397 1011 1542 1069; x_wconf 82' lang='lat' dir='ltr'><strong>ergo</strong></span> <span class='ocrx_word' id='word_1_67' title='bbox 1712 999 1817 1055; x_wconf 83' lang='lat'><strong>994</strong></span> <span class='ocrx_word' id='word_1_68' title='bbox 1837 991 2072 1070; x_wconf 83' lang='lat' dir='ltr'><strong>palam:</strong></span> <span class='ocrx_word' id='word_1_69' title='bbox 2101 998 2225 1063; x_wconf 87' lang='lat' dir='ltr'><strong>aut,</strong></span> 
     </span>
    </p>

    <p class='ocr_par' dir='ltr' id='par_1_5' title="bbox 385 1073 2409 1905">
     <span class='ocr_line' id='line_1_9' title="bbox 389 1073 2403 1156; baseline -0.002 -21"><span class='ocrx_word' id='word_1_70' title='bbox 389 1083 489 1139; x_wconf 88' lang='lat'><strong>997</strong></span> <span class='ocrx_word' id='word_1_71' title='bbox 534 1093 617 1149; x_wconf 79' lang='lat' dir='ltr'><strong>sq.</strong></span> <span class='ocrx_word' id='word_1_72' title='bbox 649 1074 910 1154; x_wconf 77' lang='lat' dir='ltr'><strong>namque</strong></span> <span class='ocrx_word' id='word_1_73' title='bbox 941 1073 1305 1135; x_wconf 79' lang='lat' dir='ltr'><strong>adulescens</strong></span> <span class='ocrx_word' id='word_1_74' title='bbox 1340 1094 1518 1156; x_wconf 87' lang='lat' dir='ltr'><strong>quam</strong></span> <span class='ocrx_word' id='word_1_75' title='bbox 1561 1078 1625 1134; x_wconf 78' lang='lat' dir='ltr'><strong>in</strong></span> <span class='ocrx_word' id='word_1_76' title='bbox 1653 1075 1901 1134; x_wconf 87' lang='lat' dir='ltr'><strong>minima</strong></span> <span class='ocrx_word' id='word_1_77' title='bbox 1943 1094 2054 1154; x_wconf 85' lang='lat' dir='ltr'><strong>spe</strong></span> <span class='ocrx_word' id='word_1_78' title='bbox 2084 1077 2235 1133; x_wconf 82' lang='lat' dir='ltr'><strong>situs</strong></span> <span class='ocrx_word' id='word_1_79' title='bbox 2268 1073 2403 1148; x_wconf 83' lang='lat' dir='ltr'><strong>erit,</strong></span> 
     </span>
     <span class='ocr_line' id='line_1_10' title="bbox 390 1156 2409 1237; baseline -0.001 -20"><span class='ocrx_word' id='word_1_80' title='bbox 390 1158 399 1237; x_wconf 88' lang='grc' dir='ltr'>Ι</span> <span class='ocrx_word' id='word_1_81' title='bbox 445 1159 600 1217; x_wconf 85' lang='lat' dir='ltr'><strong>Tam</strong></span> <span class='ocrx_word' id='word_1_82' title='bbox 660 1157 1035 1217; x_wconf 71' lang='lat' dir='ltr'><strong>difficillume</strong></span> <span class='ocrx_word' id='word_1_83' title='bbox 1204 1167 1308 1223; x_wconf 87' lang='lat'><strong>999</strong></span> <span class='ocrx_word' id='word_1_84' title='bbox 1361 1160 1511 1218; x_wconf 85' lang='lat' dir='ltr'><strong>haut</strong></span> <span class='ocrx_word' id='word_1_85' title='bbox 1565 1159 1692 1218; x_wconf 87' lang='lat' dir='ltr'><strong>scio</strong></span> <span class='ocrx_word' id='word_1_86' title='bbox 1861 1168 1995 1220; x_wconf 93' lang='grc'>1001</span> <span class='ocrx_word' id='word_1_87' title='bbox 2053 1177 2150 1217; x_wconf 90' lang='lat' dir='ltr'><strong>me</strong></span> <span class='ocrx_word' id='word_1_88' title='bbox 2205 1156 2409 1236; x_wconf 68' lang='lat' dir='ltr'><strong>abripi</strong></span> 
     </span>
     <span class='ocr_line' id='line_1_11' title="bbox 385 1239 2409 1305; baseline -0.001 -5"><span class='ocrx_word' id='word_1_89' title='bbox 385 1242 562 1301; x_wconf 81' lang='lat' dir='ltr'><strong>hinc:</strong></span> <span class='ocrx_word' id='word_1_90' title='bbox 606 1260 768 1299; x_wconf 88' lang='lat' dir='ltr'><strong>nunc</strong></span> <span class='ocrx_word' id='word_1_91' title='bbox 813 1239 894 1299; x_wconf 69' lang='lat' dir='ltr'><strong>ad</strong></span> <span class='ocrx_word' id='word_1_92' title='bbox 1061 1250 1196 1305; x_wconf 89' lang='grc'><strong>1007</strong></span> <span class='ocrx_word' id='word_1_93' title='bbox 1236 1245 1320 1301; x_wconf 89' lang='lat' dir='ltr'><strong>mi</strong></span> <span class='ocrx_word' id='word_1_94' title='bbox 1374 1241 1762 1301; x_wconf 84' lang='lat' dir='ltr'><strong>aduorsatrix</strong></span> <span class='ocrx_word' id='word_1_95' title='bbox 1811 1241 2001 1301; x_wconf 85' lang='lat' dir='ltr'><strong>fueris</strong></span> <span class='ocrx_word' id='word_1_96' title='bbox 2173 1249 2311 1303; x_wconf 89' lang='grc'>1008</span> <span class='ocrx_word' id='word_1_97' title='bbox 2350 1239 2409 1298; x_wconf 87' lang='lat' dir='ltr'><strong>si</strong></span> 
     </span>
     <span class='ocr_line' id='line_1_12' title="bbox 388 1321 2403 1403; baseline -0.001 -20"><span class='ocrx_word' id='word_1_98' title='bbox 388 1326 509 1383; x_wconf 89' lang='lat' dir='ltr'><strong>iam</strong></span> <span class='ocrx_word' id='word_1_99' title='bbox 559 1325 816 1401; x_wconf 82' lang='lat' dir='ltr'>rogitem</span> <span class='ocrx_word' id='word_1_100' title='bbox 984 1325 1102 1384; x_wconf 90' lang='lat' dir='ltr'><strong>hoc</strong></span> <span class='ocrx_word' id='word_1_101' title='bbox 1154 1326 1402 1403; x_wconf 85' lang='lat' dir='ltr'><strong>faciam]</strong></span> <span class='ocrx_word' id='word_1_102' title='bbox 1459 1325 1523 1385; x_wconf 85' lang='lat' dir='ltr'><strong>id</strong></span> <span class='ocrx_word' id='word_1_103' title='bbox 1572 1326 1765 1384; x_wconf 87' lang='lat' dir='ltr'><strong>facias</strong></span> <span class='ocrx_word' id='word_1_104' title='bbox 1936 1336 2073 1386; x_wconf 93' lang='grc'>1010</span> <span class='ocrx_word' id='word_1_105' title='bbox 2113 1323 2271 1383; x_wconf 83' lang='lat' dir='ltr'><strong>redit</strong></span> <span class='ocrx_word' id='word_1_106' title='bbox 2324 1321 2403 1382; x_wconf 86' lang='lat' dir='ltr'><strong>ad</strong></span> 
     </span>
     <span class='ocr_line' id='line_1_13' title="bbox 386 1406 2381 1488; baseline -0.001 -22"><span class='ocrx_word' id='word_1_107' title='bbox 386 1410 688 1485; x_wconf 82' lang='lat' dir='ltr'><strong>integrum</strong></span> <span class='ocrx_word' id='word_1_108' title='bbox 731 1406 946 1467; x_wconf 82' lang='lat' dir='ltr'><strong>eadem</strong></span> <span class='ocrx_word' id='word_1_109' title='bbox 987 1408 1176 1469; x_wconf 76' lang='lat' dir='ltr'><strong>oratio</strong></span> <span class='ocrx_word' id='word_1_110' title='bbox 1350 1414 1486 1471; x_wconf 90' lang='grc'>1012</span> <span class='ocrx_word' id='word_1_111' title='bbox 1524 1408 1798 1488; x_wconf 86' lang='lat' dir='ltr'><strong>postulo:</strong></span> <span class='ocrx_word' id='word_1_112' title='bbox 1855 1409 1975 1468; x_wconf 89' lang='lat' dir='ltr'><strong>iam</strong></span> <span class='ocrx_word' id='word_1_113' title='bbox 2144 1413 2282 1469; x_wconf 86' lang='lat'>1014</span> <span class='ocrx_word' id='word_1_114' title='bbox 2316 1423 2381 1482; x_wconf 79' lang='lat' dir='ltr'><strong>sq</strong></span> 
     </span>
     <span class='ocr_line' id='line_1_14' title="bbox 391 1487 2403 1573; baseline 0.002 -24"><span class='ocrx_word' id='word_1_115' title='bbox 391 1490 505 1551; x_wconf 73' lang='lat' dir='ltr'><strong>On.</strong></span> <span class='ocrx_word' id='word_1_116' title='bbox 552 1492 653 1552; x_wconf 69' lang='lat' dir='ltr'><strong>ain</strong></span> <span class='ocrx_word' id='word_1_117' title='bbox 694 1490 806 1550; x_wconf 77' lang='lat' dir='ltr'><strong>tu?</strong></span> <span class='ocrx_word' id='word_1_118' title='bbox 866 1489 974 1553; x_wconf 85' lang='lat' dir='ltr'><strong>So.</strong></span> <span class='ocrx_word' id='word_1_119' title='bbox 1033 1501 1200 1553; x_wconf 84' lang='lat' dir='ltr'><strong>certe</strong></span> <span class='ocrx_word' id='word_1_120' title='bbox 1259 1496 1348 1553; x_wconf 79' lang='lat' dir='ltr'><strong>sic</strong></span> <span class='ocrx_word' id='word_1_121' title='bbox 1407 1495 1539 1556; x_wconf 85' lang='lat' dir='ltr'><strong>erit.</strong></span> <span class='ocrx_word' id='word_1_122' title='bbox 1576 1487 1590 1573; x_wconf 87' lang='grc' dir='ltr'>Ι</span> <span class='ocrx_word' id='word_1_123' title='bbox 1630 1490 1746 1554; x_wconf 77' lang='lat' dir='ltr'><strong>Cn.</strong></span> <span class='ocrx_word' id='word_1_124' title='bbox 1793 1490 2120 1553; x_wconf 77' lang='lat' dir='ltr'><strong>Confitere.</strong></span> <span class='ocrx_word' id='word_1_125' title='bbox 2167 1491 2277 1551; x_wconf 80' lang='lat' dir='ltr'><strong>So.</strong></span> <span class='ocrx_word' id='word_1_126' title='bbox 2323 1509 2403 1553; x_wconf 80' lang='lat' dir='ltr'><strong>au</strong></span> 
     </span>
     <span class='ocr_line' id='line_1_15' title="bbox 393 1574 2404 1656; baseline -0.001 -21"><span class='ocrx_word' id='word_1_127' title='bbox 393 1574 677 1648; x_wconf 70' lang='lat' dir='ltr'><strong>obsecro,</strong></span> <span class='ocrx_word' id='word_1_128' title='bbox 732 1576 890 1635; x_wconf 82' lang='lat' dir='ltr'><strong>istuc</strong></span> <span class='ocrx_word' id='word_1_129' title='bbox 944 1576 1167 1636; x_wconf 80' lang='lat' dir='ltr'><strong>nostris</strong></span> <span class='ocrx_word' id='word_1_130' title='bbox 1220 1576 1480 1636; x_wconf 78' lang='lat' dir='ltr'><strong>inimicis</strong></span> <span class='ocrx_word' id='word_1_131' title='bbox 1535 1577 1671 1637; x_wconf 80' lang='lat' dir='ltr'><strong>siet.</strong></span> <span class='ocrx_word' id='word_1_132' title='bbox 1844 1584 1983 1638; x_wconf 89' lang='grc'>1018</span> <span class='ocrx_word' id='word_1_133' title='bbox 2036 1594 2155 1656; x_wconf 86' lang='lat' dir='ltr'><strong>quo</strong></span> <span class='ocrx_word' id='word_1_134' title='bbox 2205 1574 2404 1649; x_wconf 84' lang='lat' dir='ltr'><strong>magis</strong></span> 
     </span>
     <span class='ocr_line' id='line_1_16' title="bbox 388 1657 2408 1722; baseline 0 -7"><span class='ocrx_word' id='word_1_135' title='bbox 388 1663 507 1716; x_wconf 77' lang='lat' dir='ltr'><strong>sine</strong></span> <span class='ocrx_word' id='word_1_136' title='bbox 535 1664 734 1716; x_wconf 80' lang='lat' dir='ltr'><strong>uncino</strong></span> <span class='ocrx_word' id='word_1_137' title='bbox 906 1668 1041 1722; x_wconf 88' lang='grc'><strong>1019</strong></span> <span class='ocrx_word' id='word_1_138' title='bbox 1067 1657 1142 1718; x_wconf 88' lang='lat' dir='ltr'><strong>Id</strong></span> <span class='ocrx_word' id='word_1_139' title='bbox 1183 1678 1289 1717; x_wconf 90' lang='lat' dir='ltr'><strong>om.</strong></span> <span class='ocrx_word' id='word_1_140' title='bbox 1465 1668 1599 1721; x_wconf 95' lang='grc'>1020</span> <span class='ocrx_word' id='word_1_141' title='bbox 1629 1677 1706 1718; x_wconf 81' lang='lat' dir='ltr'><strong>ex</strong></span> <span class='ocrx_word' id='word_1_142' title='bbox 1734 1659 1798 1717; x_wconf 73' lang='lat' dir='ltr'><strong>te</strong></span> <span class='ocrx_word' id='word_1_143' title='bbox 1831 1678 1966 1719; x_wconf 89' lang='lat' dir='ltr'><strong>esse</strong></span> <span class='ocrx_word' id='word_1_144' title='bbox 1989 1668 2228 1718; x_wconf 84' lang='lat' dir='ltr'><strong>natum:</strong></span> <span class='ocrx_word' id='word_1_145' title='bbox 2258 1675 2408 1716; x_wconf 83' lang='lat' dir='ltr'><strong>nam</strong></span> 
     </span>
     <span class='ocr_line' id='line_1_17' title="bbox 388 1742 2398 1823; baseline 0 -24"><span class='ocrx_word' id='word_1_146' title='bbox 388 1742 479 1799; x_wconf 87' lang='lat' dir='ltr'><strong>tui</strong></span> <span class='ocrx_word' id='word_1_147' title='bbox 506 1747 625 1800; x_wconf 79' lang='lat' dir='ltr'><strong>sine</strong></span> <span class='ocrx_word' id='word_1_148' title='bbox 652 1745 851 1800; x_wconf 77' lang='lat' dir='ltr'><strong>uncino</strong></span> <span class='ocrx_word' id='word_1_149' title='bbox 1022 1750 1154 1804; x_wconf 94' lang='grc'>1021</span> <span class='ocrx_word' id='word_1_150' title='bbox 1188 1745 1335 1823; x_wconf 78' lang='lat' dir='ltr'><strong>quin</strong></span> <span class='ocrx_word' id='word_1_151' title='bbox 1376 1742 1441 1801; x_wconf 86' lang='lat' dir='ltr'><strong>id</strong></span> <span class='ocrx_word' id='word_1_152' title='bbox 1467 1742 1679 1802; x_wconf 87' lang='lat' dir='ltr'><strong>itidem</strong></span> <span class='ocrx_word' id='word_1_153' title='bbox 1709 1745 1788 1801; x_wconf 81' lang='lat' dir='ltr'><strong>sit</strong></span> <span class='ocrx_word' id='word_1_154' title='bbox 1812 1743 1925 1801; x_wconf 82' lang='lat' dir='ltr'><strong>tibi</strong></span> <span class='ocrx_word' id='word_1_155' title='bbox 2097 1750 2231 1803; x_wconf 91' lang='grc'>1025</span> <span class='ocrx_word' id='word_1_156' title='bbox 2261 1760 2398 1800; x_wconf 76' lang='lat' dir='ltr'><strong>uos⁴</strong></span> 
     </span>
     <span class='ocr_line' id='line_1_18' title="bbox 387 1824 2407 1905; baseline 0 -23"><span class='ocrx_word' id='word_1_157' title='bbox 387 1824 506 1900; x_wconf 88' lang='lat' dir='ltr'><strong>tra]</strong></span> <span class='ocrx_word' id='word_1_158' title='bbox 550 1833 655 1883; x_wconf 87' lang='lat' dir='ltr'><strong>tua</strong></span> <span class='ocrx_word' id='word_1_159' title='bbox 828 1832 926 1887; x_wconf 90' lang='grc'><strong>127</strong></span> <span class='ocrx_word' id='word_1_160' title='bbox 968 1833 1111 1903; x_wconf 88' lang='lat' dir='ltr'><strong>peto</strong></span> <span class='ocrx_word' id='word_1_161' title='bbox 1165 1834 1228 1885; x_wconf 87' lang='lat' dir='ltr'><strong>et</strong></span> <span class='ocrx_word' id='word_1_162' title='bbox 1278 1826 1421 1886; x_wconf 89' lang='lat' dir='ltr'><strong>uolo</strong></span> <span class='ocrx_word' id='word_1_163' title='bbox 1592 1836 1728 1889; x_wconf 92' lang='grc'>1030</span> <span class='ocrx_word' id='word_1_164' title='bbox 1755 1834 1825 1885; x_wconf 85' lang='lat' dir='ltr'><strong>ut</strong></span> <span class='ocrx_word' id='word_1_165' title='bbox 1853 1845 1934 1885; x_wconf 83' lang='lat' dir='ltr'><strong>ex</strong></span> <span class='ocrx_word' id='word_1_166' title='bbox 1963 1845 2059 1885; x_wconf 91' lang='lat' dir='ltr'><strong>me</strong></span> <span class='ocrx_word' id='word_1_167' title='bbox 2102 1833 2287 1905; x_wconf 83' lang='lat' dir='ltr'><strong>atque</strong></span> <span class='ocrx_word' id='word_1_168' title='bbox 2322 1842 2407 1883; x_wconf 83' lang='lat' dir='ltr'><strong>ex</strong></span> 
     </span>
    </p>
   </div>
   <div class='ocr_carea' id='block_1_4' title="bbox 266 1907 2409 1987">
    <p class='ocr_par' dir='ltr' id='par_1_6' title="bbox 266 1907 2409 1987">
     <span class='ocr_line' id='line_1_19' title="bbox 266 1907 2409 1987; baseline 0.001 -22"><span class='ocrx_word' id='word_1_169' title='bbox 266 1948 273 1957; x_wconf 84' lang='lat'>.</span> <span class='ocrx_word' id='word_1_170' title='bbox 388 1907 505 1966; x_wconf 89' lang='lat' dir='ltr'><strong>hoc</strong></span> <span class='ocrx_word' id='word_1_171' title='bbox 675 1915 811 1970; x_wconf 93' lang='grc'>1040</span> <span class='ocrx_word' id='word_1_172' title='bbox 853 1915 919 1966; x_wconf 84' lang='lat' dir='ltr'><strong>ut</strong></span> <span class='ocrx_word' id='word_1_173' title='bbox 963 1928 1068 1966; x_wconf 85' lang='lat' dir='ltr'><strong>om.</strong></span> <span class='ocrx_word' id='word_1_174' title='bbox 1242 1918 1373 1971; x_wconf 87' lang='lat'>1041</span> <span class='ocrx_word' id='word_1_175' title='bbox 1421 1910 1563 1969; x_wconf 87' lang='lat' dir='ltr'><strong>Non</strong></span> <span class='ocrx_word' id='word_1_176' title='bbox 1615 1908 1787 1987; x_wconf 87' lang='lat' dir='ltr'><strong>mihi]</strong></span> <span class='ocrx_word' id='word_1_177' title='bbox 1833 1911 1970 1969; x_wconf 89' lang='lat' dir='ltr'><strong>Ten</strong></span> <span class='ocrx_word' id='word_1_178' title='bbox 2010 1910 2094 1967; x_wconf 92' lang='lat' dir='ltr'><strong>mi</strong></span> <span class='ocrx_word' id='word_1_179' title='bbox 2264 1915 2409 1968; x_wconf 72' lang='grc'>1043</span> 
     </span>
    </p>
   </div>
   <div class='ocr_carea' id='block_1_5' title="bbox 388 1990 2407 2324">
    <p class='ocr_par' dir='ltr' id='par_1_7' title="bbox 388 1990 2407 2324">
     <span class='ocr_line' id='line_1_20' title="bbox 391 1990 2407 2073; baseline -0 -23"><span class='ocrx_word' id='word_1_180' title='bbox 391 2009 572 2069; x_wconf 83' lang='lat' dir='ltr'><strong>quam</strong></span> <span class='ocrx_word' id='word_1_181' title='bbox 601 2010 713 2069; x_wconf 84' lang='lat' dir='ltr'><strong>ego</strong></span> <span class='ocrx_word' id='word_1_182' title='bbox 740 2011 904 2052; x_wconf 90' lang='lat' dir='ltr'><strong>nunc</strong></span> <span class='ocrx_word' id='word_1_183' title='bbox 1076 2001 1212 2057; x_wconf 91' lang='grc'>1044</span> <span class='ocrx_word' id='word_1_184' title='bbox 1235 1992 1497 2073; x_wconf 84' lang='lat' dir='ltr'><strong>capiam]</strong></span> <span class='ocrx_word' id='word_1_185' title='bbox 1523 1994 1811 2073; x_wconf 87' lang='lat' dir='ltr'><strong>incipiam</strong></span> <span class='ocrx_word' id='word_1_186' title='bbox 1984 2000 2117 2057; x_wconf 88' lang='grc'>1049</span> <span class='ocrx_word' id='word_1_187' title='bbox 2143 1990 2407 2054; x_wconf 80' lang='lat' dir='ltr'><strong>Chreme</strong></span> 
     </span>
     <span class='ocr_line' id='line_1_21' title="bbox 561 2074 2407 2151; baseline -0.003 -12"><span class='ocrx_word' id='word_1_188' title='bbox 561 2086 694 2139; x_wconf 83' lang='lat'>1051</span> <span class='ocrx_word' id='word_1_189' title='bbox 731 2076 794 2135; x_wconf 85' lang='lat' dir='ltr'><strong>id</strong></span> <span class='ocrx_word' id='word_1_190' title='bbox 835 2096 938 2136; x_wconf 89' lang='lat' dir='ltr'><strong>om.</strong></span> <span class='ocrx_word' id='word_1_191' title='bbox 1110 2087 1247 2139; x_wconf 82' lang='lat'>1052</span> <span class='ocrx_word' id='word_1_192' title='bbox 1283 2086 1376 2151; x_wconf 86' lang='lat' dir='ltr'><strong>te,</strong></span> <span class='ocrx_word' id='word_1_193' title='bbox 1432 2076 1689 2137; x_wconf 84' lang='lat' dir='ltr'><strong>Chreme</strong></span> <span class='ocrx_word' id='word_1_194' title='bbox 1861 2086 1998 2140; x_wconf 91' lang='grc'>1054</span> <span class='ocrx_word' id='word_1_195' title='bbox 2053 2078 2106 2136; x_wconf 89' lang='lat' dir='ltr'><strong>si</strong></span> <span class='ocrx_word' id='word_1_196' title='bbox 2146 2074 2211 2134; x_wconf 85' lang='lat' dir='ltr'><strong>id</strong></span> <span class='ocrx_word' id='word_1_197' title='bbox 2252 2075 2407 2134; x_wconf 85' lang='lat' dir='ltr'><strong>facit</strong></span> 
     </span>
     <span class='ocr_line' id='line_1_22' title="bbox 561 2158 2406 2241; baseline -0.002 -17"><span class='ocrx_word' id='word_1_198' title='bbox 561 2167 702 2224; x_wconf 93' lang='grc'>1056</span> <span class='ocrx_word' id='word_1_199' title='bbox 728 2161 854 2221; x_wconf 71' lang='grc' dir='ltr'><strong>ΜΕ.</strong></span> <span class='ocrx_word' id='word_1_200' title='bbox 890 2159 969 2219; x_wconf 83' lang='lat' dir='ltr'><strong>ad</strong></span> <span class='ocrx_word' id='word_1_201' title='bbox 1001 2180 1098 2220; x_wconf 90' lang='lat' dir='ltr'><strong>me</strong></span> <span class='ocrx_word' id='word_1_202' title='bbox 1120 2162 1352 2241; x_wconf 81' lang='lat' dir='ltr'><strong>recipio</strong></span> <span class='ocrx_word' id='word_1_203' title='bbox 1522 2171 1660 2225; x_wconf 90' lang='grc'>1058</span> <span class='ocrx_word' id='word_1_204' title='bbox 1679 2161 1801 2221; x_wconf 73' lang='lat' dir='ltr'><strong>Mn.</strong></span> <span class='ocrx_word' id='word_1_205' title='bbox 1825 2161 2013 2221; x_wconf 78' lang='lat' dir='ltr'><strong>faciet</strong></span> <span class='ocrx_word' id='word_1_206' title='bbox 2040 2158 2258 2219; x_wconf 82' lang='lat' dir='ltr'><strong>omnia.</strong></span> <span class='ocrx_word' id='word_1_207' title='bbox 2284 2158 2406 2220; x_wconf 77' lang='lat' dir='ltr'><strong>So,</strong></span> 
     </span>
     <span class='ocr_line' id='line_1_23' title="bbox 388 2242 2405 2324; baseline 0 -22"><span class='ocrx_word' id='word_1_208' title='bbox 388 2244 543 2303; x_wconf 87' lang='lat' dir='ltr'><strong>haec</strong></span> <span class='ocrx_word' id='word_1_209' title='bbox 715 2252 852 2308; x_wconf 90' lang='grc'>1066</span> <span class='ocrx_word' id='word_1_210' title='bbox 876 2243 1040 2304; x_wconf 83' lang='lat' dir='ltr'><strong>Satis</strong></span> <span class='ocrx_word' id='word_1_211' title='bbox 1067 2246 1300 2324; x_wconf 85' lang='lat' dir='ltr'><strong>placet]</strong></span> <span class='ocrx_word' id='word_1_212' title='bbox 1337 2245 1667 2324; x_wconf 71' lang='lat' dir='ltr'><strong>Pei-placet</strong></span> <span class='ocrx_word' id='word_1_213' title='bbox 1837 2251 1969 2307; x_wconf 93' lang='grc'>1067</span> <span class='ocrx_word' id='word_1_214' title='bbox 1995 2242 2265 2303; x_wconf 59' lang='lat' dir='ltr'><strong>Cam-on</strong></span> <span class='ocrx_word' id='word_1_215' title='bbox 2290 2261 2405 2303; x_wconf 88' lang='lat' dir='ltr'><strong>om.</strong></span> 
     </span>
    </p>
   </div>
   <div class='ocr_carea' id='block_1_6' title="bbox 389 2409 2414 3657">
    <p class='ocr_par' dir='ltr' id='par_1_8' title="bbox 389 2409 2414 3657">
     <span class='ocr_line' id='line_1_24' title="bbox 560 2409 2235 2487; baseline 0 -20"><span class='ocrx_word' id='word_1_216' title='bbox 560 2413 982 2468; x_wconf 77' lang='lat' dir='ltr'><strong>Phormioni</strong></span> <span class='ocrx_word' id='word_1_217' title='bbox 994 2429 1023 2469; x_wconf 78' lang='lat' dir='ltr'><strong>s</strong></span> <span class='ocrx_word' id='word_1_218' title='bbox 1073 2430 1125 2470; x_wconf 85' lang='lat' dir='ltr'><strong>v.</strong></span> <span class='ocrx_word' id='word_1_219' title='bbox 1168 2419 1203 2471; x_wconf 98' lang='grc'>4</span> <span class='ocrx_word' id='word_1_220' title='bbox 1245 2418 1387 2469; x_wconf 82' lang='lat' dir='ltr'><strong>ante</strong></span> <span class='ocrx_word' id='word_1_221' title='bbox 1427 2411 1530 2469; x_wconf 92' lang='lat' dir='ltr'><strong>hic</strong></span> <span class='ocrx_word' id='word_1_222' title='bbox 1699 2419 1733 2474; x_wconf 89' lang='lat'>6</span> <span class='ocrx_word' id='word_1_223' title='bbox 1778 2409 2042 2487; x_wconf 75' lang='lat' dir='ltr'><strong>scripsit]</strong></span> <span class='ocrx_word' id='word_1_224' title='bbox 2087 2410 2235 2469; x_wconf 84' lang='lat' dir='ltr'><strong>fecit</strong></span> 
     </span>
     <span class='ocr_line' id='line_1_25' title="bbox 389 2492 2410 2557; baseline -0.003 0"><span class='ocrx_word' id='word_1_225' title='bbox 389 2503 423 2557; x_wconf 88' lang='lat'><strong>9</strong></span> <span class='ocrx_word' id='word_1_226' title='bbox 468 2493 607 2552; x_wconf 91' lang='lat' dir='ltr'><strong>olim</strong></span> <span class='ocrx_word' id='word_1_227' title='bbox 651 2512 786 2552; x_wconf 88' lang='lat' dir='ltr'><strong>cum</strong></span> <span class='ocrx_word' id='word_1_228' title='bbox 840 2494 1010 2552; x_wconf 80' lang='lat' dir='ltr'><strong>stetit</strong></span> <span class='ocrx_word' id='word_1_229' title='bbox 1181 2504 1248 2557; x_wconf 85' lang='lat'><strong>15</strong></span> <span class='ocrx_word' id='word_1_230' title='bbox 1307 2496 1503 2552; x_wconf 75' lang='lat' dir='ltr'><strong>desunt</strong></span> <span class='ocrx_word' id='word_1_231' title='bbox 1545 2499 1677 2552; x_wconf 77' lang='lat' dir='ltr'><strong>unci</strong></span> <span class='ocrx_word' id='word_1_232' title='bbox 1853 2501 1917 2555; x_wconf 84' lang='lat'><strong>21</strong></span> <span class='ocrx_word' id='word_1_233' title='bbox 1975 2493 2092 2552; x_wconf 88' lang='lat' dir='ltr'><strong>sibi</strong></span> <span class='ocrx_word' id='word_1_234' title='bbox 2147 2511 2279 2552; x_wconf 88' lang='lat' dir='ltr'><strong>esse</strong></span> <span class='ocrx_word' id='word_1_235' title='bbox 2338 2492 2410 2551; x_wconf 79' lang='lat' dir='ltr'><strong>id</strong></span> 
     </span>
     <span class='ocr_line' id='line_1_26' title="bbox 564 2574 2406 2654; baseline -0.001 -19"><span class='ocrx_word' id='word_1_236' title='bbox 564 2584 636 2636; x_wconf 89' lang='grc'><strong>22</strong></span> <span class='ocrx_word' id='word_1_237' title='bbox 678 2575 823 2652; x_wconf 90' lang='lat' dir='ltr'><strong>iam]</strong></span> <span class='ocrx_word' id='word_1_238' title='bbox 870 2584 997 2635; x_wconf 86' lang='lat' dir='ltr'><strong>tum</strong></span> <span class='ocrx_word' id='word_1_239' title='bbox 1165 2586 1237 2640; x_wconf 85' lang='grc'><strong>23</strong></span> <span class='ocrx_word' id='word_1_240' title='bbox 1265 2597 1388 2635; x_wconf 91' lang='lat' dir='ltr'><strong>non</strong></span> <span class='ocrx_word' id='word_1_241' title='bbox 1418 2575 1637 2654; x_wconf 55' lang='lat' dir='ltr'><strong>facist]</strong></span> <span class='ocrx_word' id='word_1_242' title='bbox 1679 2576 1915 2636; x_wconf 85' lang='lat' dir='ltr'><strong>fecerit.</strong></span> <span class='ocrx_word' id='word_1_243' title='bbox 2086 2585 2154 2639; x_wconf 91' lang='grc'>25</span> <span class='ocrx_word' id='word_1_244' title='bbox 2183 2574 2406 2653; x_wconf 82' lang='lat' dir='ltr'><strong>Epidi-</strong></span> 
     </span>
     <span class='ocr_line' id='line_1_27' title="bbox 393 2657 2409 2734; baseline -0.001 -14"><span class='ocrx_word' id='word_1_245' title='bbox 393 2678 763 2720; x_wconf 86' lang='lat' dir='ltr'><strong>cazomenen</strong></span> <span class='ocrx_word' id='word_1_246' title='bbox 934 2668 1002 2723; x_wconf 92' lang='grc'>26</span> <span class='ocrx_word' id='word_1_247' title='bbox 1034 2657 1302 2734; x_wconf 70' lang='lat' dir='ltr'><strong>Graece,</strong></span> <span class='ocrx_word' id='word_1_248' title='bbox 1347 2661 1569 2720; x_wconf 86' lang='lat' dir='ltr'><strong>Latine</strong></span> <span class='ocrx_word' id='word_1_249' title='bbox 1610 2660 1711 2719; x_wconf 89' lang='lat' dir='ltr'><strong>hic</strong></span> <span class='ocrx_word' id='word_1_250' title='bbox 1737 2660 2167 2721; x_wconf 78' lang='lat' dir='ltr'><strong>Phormionem</strong></span> <span class='ocrx_word' id='word_1_251' title='bbox 2209 2661 2409 2720; x_wconf 80' lang='lat' dir='ltr'><strong>nomi-</strong></span> 
     </span>
     <span class='ocr_line' id='line_1_28' title="bbox 389 2743 2408 2808; baseline 0.001 -5"><span class='ocrx_word' id='word_1_252' title='bbox 389 2752 524 2804; x_wconf 82' lang='lat' dir='ltr'><strong>nat:</strong></span> <span class='ocrx_word' id='word_1_253' title='bbox 695 2750 764 2804; x_wconf 87' lang='grc'><strong>42</strong></span> <span class='ocrx_word' id='word_1_254' title='bbox 798 2743 1184 2803; x_wconf 84' lang='lat' dir='ltr'><strong>diuitioribus</strong></span> <span class='ocrx_word' id='word_1_255' title='bbox 1355 2752 1426 2808; x_wconf 89' lang='grc'><strong>48</strong></span> <span class='ocrx_word' id='word_1_256' title='bbox 1455 2744 1573 2803; x_wconf 89' lang='lat' dir='ltr'><strong>alio</strong></span> <span class='ocrx_word' id='word_1_257' title='bbox 1604 2752 1806 2803; x_wconf 85' lang='lat' dir='ltr'><strong>autem</strong></span> <span class='ocrx_word' id='word_1_258' title='bbox 1974 2752 2042 2806; x_wconf 88' lang='grc'>52</span> <span class='ocrx_word' id='word_1_259' title='bbox 2068 2762 2162 2801; x_wconf 87' lang='lat' dir='ltr'><strong>em</strong></span> <span class='ocrx_word' id='word_1_260' title='bbox 2334 2750 2408 2806; x_wconf 89' lang='grc'>57</span> 
     </span>
     <span class='ocr_line' id='line_1_29' title="bbox 391 2824 2408 2891; baseline -0 -5"><span class='ocrx_word' id='word_1_261' title='bbox 391 2835 554 2887; x_wconf 81' lang='lat' dir='ltr'><strong>metu</strong></span> <span class='ocrx_word' id='word_1_262' title='bbox 612 2834 673 2887; x_wconf 83' lang='lat' dir='ltr'><strong>et</strong></span> <span class='ocrx_word' id='word_1_263' title='bbox 840 2836 910 2891; x_wconf 83' lang='lat'><strong>63</strong></span> <span class='ocrx_word' id='word_1_264' title='bbox 954 2824 1258 2889; x_wconf 83' lang='lat' dir='ltr'><strong>Chremen</strong></span> <span class='ocrx_word' id='word_1_265' title='bbox 1428 2835 1497 2891; x_wconf 93' lang='grc'>64</span> <span class='ocrx_word' id='word_1_266' title='bbox 1547 2826 1849 2887; x_wconf 77' lang='lat' dir='ltr'><strong>Nostine?</strong></span> <span class='ocrx_word' id='word_1_267' title='bbox 2017 2835 2087 2890; x_wconf 93' lang='grc'><strong>76</strong></span> <span class='ocrx_word' id='word_1_268' title='bbox 2138 2825 2408 2888; x_wconf 81' lang='lat' dir='ltr'><strong>Senibus</strong></span> 
     </span>
     <span class='ocr_line' id='line_1_30' title="bbox 560 2910 2412 2991; baseline -0.001 -18"><span class='ocrx_word' id='word_1_269' title='bbox 560 2918 628 2973; x_wconf 94' lang='grc'><strong>77</strong></span> <span class='ocrx_word' id='word_1_270' title='bbox 672 2929 934 2991; x_wconf 83' lang='lat' dir='ltr'><strong>namque</strong></span> <span class='ocrx_word' id='word_1_271' title='bbox 1103 2921 1174 2975; x_wconf 94' lang='grc'><strong>89</strong></span> <span class='ocrx_word' id='word_1_272' title='bbox 1225 2910 1559 2972; x_wconf 83' lang='lat' dir='ltr'><strong>Tonstrina</strong></span> <span class='ocrx_word' id='word_1_273' title='bbox 1725 2920 1795 2974; x_wconf 88' lang='grc'>94</span> <span class='ocrx_word' id='word_1_274' title='bbox 1846 2911 1981 2971; x_wconf 83' lang='lat' dir='ltr'><strong>uisa</strong></span> <span class='ocrx_word' id='word_1_275' title='bbox 2038 2919 2131 2970; x_wconf 83' lang='lat' dir='ltr'><strong>est</strong></span> <span class='ocrx_word' id='word_1_276' title='bbox 2300 2918 2412 2972; x_wconf 87' lang='grc'><strong>114</strong></span> 
     </span>
     <span class='ocr_line' id='line_1_31' title="bbox 395 2992 2413 3075; baseline 0 -23"><span class='ocrx_word' id='word_1_277' title='bbox 395 2994 601 3052; x_wconf 85' lang='lat' dir='ltr'><strong>facere</strong></span> <span class='ocrx_word' id='word_1_278' title='bbox 657 2994 746 3051; x_wconf 85' lang='lat' dir='ltr'><strong>ait</strong></span> <span class='ocrx_word' id='word_1_279' title='bbox 916 3004 1019 3057; x_wconf 85' lang='lat'><strong>138</strong></span> <span class='ocrx_word' id='word_1_280' title='bbox 1070 2996 1279 3075; x_wconf 87' lang='lat' dir='ltr'><strong>places</strong></span> <span class='ocrx_word' id='word_1_281' title='bbox 1449 3003 1551 3058; x_wconf 89' lang='grc'><strong>146</strong></span> <span class='ocrx_word' id='word_1_282' title='bbox 1606 2996 1785 3055; x_wconf 77' lang='lat' dir='ltr'><strong>immo</strong></span> <span class='ocrx_word' id='word_1_283' title='bbox 1831 2995 1985 3053; x_wconf 90' lang='lat' dir='ltr'><strong>nihil</strong></span> <span class='ocrx_word' id='word_1_284' title='bbox 2153 3002 2256 3056; x_wconf 87' lang='grc'><strong>154</strong></span> <span class='ocrx_word' id='word_1_285' title='bbox 2294 2992 2413 3053; x_wconf 85' lang='lat' dir='ltr'><strong>ubi</strong></span> 
     </span>
     <span class='ocr_line' id='line_1_32' title="bbox 394 3076 2233 3142; baseline 0 -7"><span class='ocrx_word' id='word_1_286' title='bbox 394 3080 526 3136; x_wconf 78' lang='lat' dir='ltr'><strong>eius</strong></span> <span class='ocrx_word' id='word_1_287' title='bbox 572 3076 822 3135; x_wconf 83' lang='lat' dir='ltr'><strong>aduenti</strong></span> <span class='ocrx_word' id='word_1_288' title='bbox 861 3078 1035 3137; x_wconf 77' lang='lat' dir='ltr'><strong>uenit</strong></span> <span class='ocrx_word' id='word_1_289' title='bbox 1074 3079 1138 3137; x_wconf 85' lang='lat' dir='ltr'><strong>in</strong></span> <span class='ocrx_word' id='word_1_290' title='bbox 1179 3086 1443 3138; x_wconf 84' lang='lat' dir='ltr'><strong>mentem</strong></span> <span class='ocrx_word' id='word_1_291' title='bbox 1613 3089 1713 3142; x_wconf 91' lang='grc'><strong>155</strong></span> <span class='ocrx_word' id='word_1_292' title='bbox 1755 3098 1889 3137; x_wconf 88' lang='lat' dir='ltr'><strong>eum</strong></span> <span class='ocrx_word' id='word_1_293' title='bbox 1931 3083 2049 3136; x_wconf 79' lang='lat' dir='ltr'><strong>sine</strong></span> <span class='ocrx_word' id='word_1_294' title='bbox 2074 3083 2233 3136; x_wconf 81' lang='lat' dir='ltr'><strong>uncis</strong></span> 
     </span>
     <span class='ocr_line' id='line_1_33' title="bbox 393 3159 2232 3226; baseline 0 -5"><span class='ocrx_word' id='word_1_295' title='bbox 393 3168 496 3223; x_wconf 89' lang='grc'><strong>166</strong></span> <span class='ocrx_word' id='word_1_296' title='bbox 540 3168 805 3219; x_wconf 86' lang='lat' dir='ltr'><strong>ceterum</strong></span> <span class='ocrx_word' id='word_1_297' title='bbox 973 3169 1073 3225; x_wconf 90' lang='grc'><strong>167</strong></span> <span class='ocrx_word' id='word_1_298' title='bbox 1124 3159 1242 3220; x_wconf 85' lang='lat' dir='ltr'><strong>hac</strong></span> <span class='ocrx_word' id='word_1_299' title='bbox 1298 3181 1379 3221; x_wconf 84' lang='lat' dir='ltr'><strong>ex</strong></span> <span class='ocrx_word' id='word_1_300' title='bbox 1546 3172 1651 3226; x_wconf 90' lang='grc'><strong>170</strong></span> <span class='ocrx_word' id='word_1_301' title='bbox 1689 3182 1874 3222; x_wconf 85' lang='lat' dir='ltr'><strong>unum</strong></span> <span class='ocrx_word' id='word_1_302' title='bbox 1915 3161 2032 3221; x_wconf 92' lang='lat' dir='ltr'><strong>hoc</strong></span> <span class='ocrx_word' id='word_1_303' title='bbox 2075 3160 2232 3221; x_wconf 86' lang='lat' dir='ltr'><strong>desit</strong></span> 
     </span>
     <span class='ocr_line' id='line_1_34' title="bbox 394 3243 2406 3320; baseline -0 -14"><span class='ocrx_word' id='word_1_304' title='bbox 394 3252 496 3306; x_wconf 88' lang='grc'><strong>175</strong></span> <span class='ocrx_word' id='word_1_305' title='bbox 540 3243 860 3319; x_wconf 75' lang='lat' dir='ltr'><strong>Retinere,</strong></span> <span class='ocrx_word' id='word_1_306' title='bbox 910 3263 1142 3320; x_wconf 82' lang='lat' dir='ltr'><strong>amare,</strong></span> <span class='ocrx_word' id='word_1_307' title='bbox 1191 3264 1269 3303; x_wconf 90' lang='lat' dir='ltr'><strong>an</strong></span> <span class='ocrx_word' id='word_1_308' title='bbox 1312 3247 1550 3306; x_wconf 78' lang='lat' dir='ltr'><strong>mittere</strong></span> <span class='ocrx_word' id='word_1_309' title='bbox 1723 3254 1825 3308; x_wconf 89' lang='grc'><strong>176</strong></span> <span class='ocrx_word' id='word_1_310' title='bbox 1864 3245 1945 3303; x_wconf 93' lang='lat' dir='ltr'><strong>mi</strong></span> <span class='ocrx_word' id='word_1_311' title='bbox 1974 3245 2067 3304; x_wconf 84' lang='lat' dir='ltr'><strong>ius</strong></span> <span class='ocrx_word' id='word_1_312' title='bbox 2108 3245 2186 3304; x_wconf 83' lang='lat' dir='ltr'><strong>sit</strong></span> <span class='ocrx_word' id='word_1_313' title='bbox 2228 3248 2406 3305; x_wconf 86' lang='lat' dir='ltr'><strong>amit-</strong></span> 
     </span>
     <span class='ocr_line' id='line_1_35' title="bbox 397 3326 2409 3409; baseline 0.002 -25"><span class='ocrx_word' id='word_1_314' title='bbox 397 3326 565 3385; x_wconf 84' lang='lat' dir='ltr'><strong>tendi</strong></span> <span class='ocrx_word' id='word_1_315' title='bbox 737 3336 838 3392; x_wconf 94' lang='grc'><strong>178</strong></span> <span class='ocrx_word' id='word_1_316' title='bbox 878 3327 1026 3388; x_wconf 87' lang='lat' dir='ltr'><strong>mihi</strong></span> <span class='ocrx_word' id='word_1_317' title='bbox 1069 3348 1230 3388; x_wconf 88' lang='lat' dir='ltr'><strong>nunc</strong></span> <span class='ocrx_word' id='word_1_318' title='bbox 1401 3337 1503 3393; x_wconf 89' lang='grc'><strong>179</strong></span> <span class='ocrx_word' id='word_1_319' title='bbox 1558 3329 1677 3388; x_wconf 90' lang='lat' dir='ltr'><strong>nisi</strong></span> <span class='ocrx_word' id='word_1_320' title='bbox 1736 3327 1984 3409; x_wconf 69' lang='lat' dir='ltr'><strong>aliquod</strong></span> <span class='ocrx_word' id='word_1_321' title='bbox 2039 3330 2160 3387; x_wconf 85' lang='lat' dir='ltr'><strong>iam</strong></span> <span class='ocrx_word' id='word_1_322' title='bbox 2204 3332 2409 3389; x_wconf 79' lang='lat' dir='ltr'><strong>consi-</strong></span> 
     </span>
     <span class='ocr_line' id='line_1_36' title="bbox 392 3409 2414 3490; baseline 0.002 -21"><span class='ocrx_word' id='word_1_323' title='bbox 392 3409 545 3469; x_wconf 90' lang='lat' dir='ltr'><strong>lium</strong></span> <span class='ocrx_word' id='word_1_324' title='bbox 591 3411 794 3470; x_wconf 87' lang='lat' dir='ltr'><strong>celere</strong></span> <span class='ocrx_word' id='word_1_325' title='bbox 835 3412 1166 3489; x_wconf 72' lang='lat' dir='ltr'><strong>repererist</strong></span> <span class='ocrx_word' id='word_1_326' title='bbox 1342 3421 1445 3475; x_wconf 89' lang='grc'><strong>180</strong></span> <span class='ocrx_word' id='word_1_327' title='bbox 1487 3411 1573 3490; x_wconf 86' lang='lat' dir='ltr'><strong>te]</strong></span> <span class='ocrx_word' id='word_1_328' title='bbox 1611 3413 1675 3470; x_wconf 90' lang='lat' dir='ltr'><strong>in</strong></span> <span class='ocrx_word' id='word_1_329' title='bbox 1700 3432 1798 3471; x_wconf 89' lang='lat' dir='ltr'><strong>me</strong></span> <span class='ocrx_word' id='word_1_330' title='bbox 1966 3415 2110 3470; x_wconf 78' lang='lat' dir='ltr'><strong>inter</strong></span> <span class='ocrx_word' id='word_1_331' title='bbox 2137 3433 2187 3471; x_wconf 87' lang='lat' dir='ltr'><strong>v.</strong></span> <span class='ocrx_word' id='word_1_332' title='bbox 2220 3421 2323 3475; x_wconf 87' lang='grc'><strong>182</strong></span> <span class='ocrx_word' id='word_1_333' title='bbox 2355 3419 2414 3473; x_wconf 71' lang='grc' dir='ltr'><strong>εί</strong></span> 
     </span>
     <span class='ocr_line' id='line_1_37' title="bbox 396 3495 2230 3570; baseline -0.002 -15"><span class='ocrx_word' id='word_1_334' title='bbox 396 3501 502 3555; x_wconf 85' lang='grc'><strong>183</strong></span> <span class='ocrx_word' id='word_1_335' title='bbox 529 3497 725 3569; x_wconf 70' lang='lat' dir='ltr'><strong>leqilur</strong></span> <span class='ocrx_word' id='word_1_336' title='bbox 750 3497 997 3555; x_wconf 80' lang='lat' dir='ltr'><strong>Andriae</strong></span> <span class='ocrx_word' id='word_1_337' title='bbox 1024 3516 1072 3556; x_wconf 81' lang='lat' dir='ltr'><strong>v.</strong></span> <span class='ocrx_word' id='word_1_338' title='bbox 1100 3501 1215 3555; x_wconf 79' lang='lat'><strong>208</strong></span> <span class='ocrx_word' id='word_1_339' title='bbox 1244 3500 1502 3555; x_wconf 82' lang='lat' dir='ltr'><strong>cancellis</strong></span> <span class='ocrx_word' id='word_1_340' title='bbox 1531 3505 1755 3570; x_wconf 76' lang='lat' dir='ltr'><strong>saeptus</strong></span> <span class='ocrx_word' id='word_1_341' title='bbox 1922 3503 2022 3558; x_wconf 91' lang='grc'><strong>187</strong></span> <span class='ocrx_word' id='word_1_342' title='bbox 2051 3495 2230 3554; x_wconf 74' lang='grc' dir='ltr'><strong>Εὼθύ</strong></span> 
     </span>
     <span class='ocr_line' id='line_1_38' title="bbox 400 3579 2233 3657; baseline -0.001 -18"><span class='ocrx_word' id='word_1_343' title='bbox 400 3585 500 3639; x_wconf 90' lang='grc'><strong>190</strong></span> <span class='ocrx_word' id='word_1_344' title='bbox 539 3579 937 3639; x_wconf 79' lang='lat' dir='ltr'><strong>conrasissem</strong></span> <span class='ocrx_word' id='word_1_345' title='bbox 1105 3580 1407 3657; x_wconf 84' lang='lat' dir='ltr'><strong>protinam</strong></span> <span class='ocrx_word' id='word_1_346' title='bbox 1452 3580 1816 3640; x_wconf 89' lang='lat' dir='ltr'><strong>coniicerem</strong></span> <span class='ocrx_word' id='word_1_347' title='bbox 1985 3588 2088 3643; x_wconf 88' lang='grc'><strong>192</strong></span> <span class='ocrx_word' id='word_1_348' title='bbox 2128 3580 2233 3637; x_wconf 86' lang='lat' dir='ltr'><strong>uia</strong></span> 
     </span>
    </p>
   </div>
  </div>
 </body>
</html>
