2575 4050
537 691 775 760 urm
825 690 1036 759 nvivs
1092 690 1408 760 mma
1455 691 1635 778 mc
1688 690 1860 760 svm·

251 846 322 898 V.
441 847 466 897 1
498 847 564 898 ad
593 846 694 898 197
726 845 929 896 iambici
956 847 1147 896 senarii

270 955 300 968 -
373 928 473 980 198
499 930 564 979 ad
591 928 695 979 204
723 928 924 978 iambici
952 928 1199 978 octonarii

272 1038 301 1049 -
369 1010 472 1062 205
499 1019 549 1062 et
573 1011 676 1062 206
711 1011 913 1061 Iambici
946 1010 1132 1061 senarii

368 1094 471 1146 207
501 1096 567 1145 ad
589 1094 691 1145 215
727 1094 928 1144 iambici
964 1093 1208 1143 octonarii

369 1176 472 1228 216
508 1177 751 1228 iambicus
787 1178 1020 1228 senarius

370 1260 473 1311 217
510 1260 576 1310 ad
607 1261 712 1310 242
746 1258 988 1314 trochaici
1022 1258 1296 1324 septenarii

370 1343 473 1396 243
511 1344 578 1395 ad
611 1342 714 1395 273
750 1344 951 1394 iambici
987 1342 1263 1408 septenarii

369 1426 473 1476 274
508 1426 574 1476 ad
610 1424 716 1476 280
749 1424 990 1476 trochaici
1024 1424 1300 1490 septenarii

369 1509 468 1561 281
504 1508 787 1560 trochaicus
823 1509 1110 1559 octonarius

369 1592 471 1643 282
508 1600 557 1641 et
593 1590 697 1642 283
733 1590 973 1644 trochaici
1007 1592 1281 1657 septenarii

371 1675 476 1726 284
507 1673 793 1725 trochaicus
829 1674 1121 1724 octonarius

371 1757 474 1809 285
510 1758 577 1807 ad
612 1756 716 1808 288
750 1755 992 1807 trochaici
1025 1756 1301 1822 septenarii

372 1839 476 1892 289
511 1841 578 1891 ad
614 1840 716 1891 291
751 1839 994 1890 trochaici
1029 1840 1272 1891 octonarii

370 1922 472 1974 292
509 1923 792 1975 trochaicus
826 1924 1146 1989 septenarius

371 2004 474 2058 293
510 2006 576 2056 ad
613 2005 718 2058 324
754 2004 955 2056 iambici
993 2005 1235 2056 octonarii

369 2087 473 2138 325
510 2095 560 2138 et
595 2088 698 2140 326
735 2088 937 2139 iambici
971 2089 1247 2154 septenarii

370 2169 475 2221 327
512 2171 578 2221 ad
612 2171 714 2223 335
751 2171 953 2222 iambici
989 2173 1176 2223 senarii

371 2253 475 2306 336
506 2255 573 2305 ad
608 2253 713 2307 360
748 2255 948 2305 iambici
984 2256 1259 2322 septenarii

369 2337 469 2389 361
509 2339 574 2389 ad
609 2337 715 2389 408
748 2337 988 2388 trochaici
1023 2341 1297 2405 septenarii

369 2418 475 2471 409
509 2420 577 2469 ad
610 2419 718 2471 450
753 2420 955 2471 iambici
990 2420 1177 2470 senarii

372 2504 474 2556 451
512 2506 579 2555 ad
612 2505 718 2557 485
751 2505 995 2556 trochaici
1028 2506 1304 2572 septenarii

370 2588 476 2642 486
516 2591 583 2641 ad
617 2590 718 2641 515
756 2590 960 2642 iambici
994 2594 1183 2642 senarii

371 2674 474 2726 516
507 2676 611 2727 517
647 2675 751 2727 519
786 2675 1028 2726 trochaici
1066 2677 1311 2726 octonarii

367 2758 472 2810 518
506 2759 791 2811 trochaicus
829 2761 1148 2827 septenarius

371 2844 476 2896 520
508 2845 794 2897 trochaicus
829 2847 1042 2896 dimeter
1077 2844 1395 2895 catalecticus

371 2930 471 2981 521
508 2932 755 2982 iambicus
788 2931 1082 2984 octonarius

366 3015 471 3064 522
507 3014 795 3066 trochaicus
838 3014 1156 3082 septenarius

368 3099 472 3152 523
507 3100 756 3151 iambicus
792 3101 1111 3167 septenarius

366 3180 473 3232 524
508 3181 613 3233 526
647 3183 750 3233 527
785 3182 1029 3234 trochaici
1066 3190 1309 3233 octonaru

366 3264 470 3315 525
507 3273 558 3316 et
593 3265 698 3317 528
732 3265 975 3316 trochaici
1009 3273 1284 3331 septenam

368 3346 473 3399 529
506 3346 611 3401 532
645 3349 714 3399 ad
747 3348 854 3401 534
887 3347 1130 3399 trochaici
1164 3346 1405 3398 octonarii

365 3428 473 3481 530
508 3437 557 3480 et
590 3430 692 3482 531
728 3429 830 3482 535
867 3431 933 3481 ad
966 3429 1070 3483 543
1103 3429 1347 3481 trochaici
1382 3425 1655 3495 septenarii

368 3513 475 3565 544
514 3515 580 3565 ad
616 3513 721 3566 546
756 3514 959 3564 iambici
991 3514 1235 3586 octonarii
