2575 4050
292 1435 346 1488 V

584 1149 820 1216 urm
873 1146 1082 1215 unvs
1129 1116 1442 1215 mma
1488 1145 1665 1216 mc
1714 1145 1890 1215 svmr

471 1433 500 1485 1
539 1434 607 1484 ad
642 1433 744 1485 174
781 1433 985 1483 iambici
1019 1435 1203 1483 senarii

403 1517 505 1568 175
539 1524 589 1566 et
625 1516 724 1567 177
761 1514 1002 1565 trochaici
1034 1509 1285 1564 octonarii

405 1599 507 1652 176
537 1598 824 1649 trochaicus
858 1601 1177 1663 septenarius

403 1681 505 1733 178
541 1679 825 1730 trochaicus
858 1680 1073 1730 dimeter
1106 1679 1432 1734 catalecticus

402 1763 504 1816 179
536 1773 587 1813 et
623 1760 725 1812 180
758 1761 1003 1812 trochaici
1038 1764 1317 1829 septenarii

404 1847 501 1901 181
535 1836 603 1897 ad
634 1837 731 1896 2211
767 1845 969 1896 iambici
1002 1847 1247 1896 octonarii

305 1961 329 1973 -
399 1931 501 1981 242
538 1930 605 1979 ad
637 1927 741 1980 256
775 1927 1019 1978 trochaici
1053 1930 1330 1997 septenarii

304 2041 331 2052 -
402 2015 502 2066 257
537 2013 603 2062 ad
638 2012 739 2064 264
773 2012 978 2064 iambici
1015 2011 1262 2064 octonarii

305 2124 330 2133 ··
403 2095 505 2147 265
539 2095 606 2144 ad
637 2093 735 2145 311
770 2094 972 2143 iambici
1005 2094 1193 2144 senarii

304 2204 330 2215 ·
401 2176 504 2229 312
540 2177 824 2228 trochaicus
857 2184 1175 2242 septenarius

306 2290 333 2301 -
402 2260 506 2313 313
542 2260 827 2310 trochaicus
863 2260 1149 2309 octonarius

400 2342 502 2394 314
536 2343 605 2393 ad
635 2341 738 2392 339
770 2342 1014 2392 trochaici
1050 2338 1328 2406 septenarii

401 2424 505 2477 340
538 2426 605 2475 ad
641 2423 744 2476 380
772 2425 979 2475 iambici
1005 2425 1194 2475 senarii

400 2506 500 2559 381
539 2508 607 2558 ad
642 2506 744 2559 397
774 2506 1019 2556 trochaici
1050 2504 1330 2571 septenarii

401 2588 503 2640 398
541 2590 606 2639 ad
639 2587 742 2640 404
775 2588 978 2638 iambici
1010 2588 1250 2638 octonarii

398 2671 500 2722 405
537 2672 602 2721 ad
638 2670 735 2722 561
769 2670 975 2720 iambici
1007 2657 1196 2720 seuam

400 2754 503 2806 562
539 2760 587 2803 et
618 2752 718 2804 563
750 2752 991 2802 trochaici
1022 2753 1270 2804 octonarii„

304 2866 328 2876 -
398 2835 498 2886 564
535 2834 819 2885 trochaicus
848 2833 1166 2899 septenarius

303 2941 326 2954 ·
401 2917 501 2968 565
539 2917 784 2968 iambicus
815 2915 1106 2967 octonarius

301 3028 326 3042 -
399 3001 501 3054 566
538 3002 783 3051 lambiens
820 2999 1171 3062 quaternarius

399 3082 500 3133 567
542 3083 608 3132 ad
644 3081 746 3133 569
780 3082 1023 3132 trochaici
1058 3078 1302 3130 octonarii

402 3166 520 3217 570.
552 3166 673 3217 571.
709 3166 811 3217 573
846 3164 1093 3215 trochaici
1128 3159 1406 3228 septenarii
1464 3179 1473 3186 ·

400 3250 502 3301 572
537 3257 588 3300 et
620 3250 723 3301 574
758 3248 998 3299 trochaici
1035 3247 1281 3297 octonarii

399 3333 502 3384 575
540 3333 607 3383 ad
641 3332 745 3384 578
777 3331 981 3383 iambici
1019 3330 1262 3381 octonarii

307 3443 332 3456 ·
401 3415 505 3467 579
542 3415 825 3468 trochaicus
860 3415 1177 3480 septenarius

309 3525 330 3537 ·
398 3496 503 3550 580
537 3499 603 3548 ad
640 3498 743 3550 582
773 3496 1016 3548 trochaici
1052 3492 1295 3547 octonarii

1701 3551 1830 3616 12*

2118 253 2243 320 179
