2575 4050
316 255 447 305 vm
1147 262 1509 303 PRAEFATIO

310 425 664 488 prosopoqr.
689 426 756 485 p.
782 408 903 471 205
925 425 1051 484 sqq.
1225 411 1303 469 14
1324 426 1410 484 sq.
1436 405 1794 488 Actaeone]
1820 406 2145 472 Auctione
2167 411 2325 473 Sca-

319 512 472 584 liqer
523 510 563 567 l.
607 510 647 567 l.
693 505 945 566 actione
979 510 1071 567 vel
1108 504 1535 569 translatione
1585 509 1857 584 Unqerus
1900 510 1974 570 de
2020 511 2080 569 0.
2128 512 2329 585 Valqii
2436 524 2443 533 ·

319 609 459 681 Rufi
504 610 796 683 poematis
835 624 898 682 p.
943 605 1062 666 160
1102 610 1252 666 conl.
1287 624 1355 682 p.
1400 607 1521 668 443
1708 606 1783 667 16
1837 612 1986 667 tuae
2022 609 2095 667 F.
2149 611 2327 669 Win-

324 706 747 766 discbmannus
783 705 982 765 Musei
1018 704 1213 764 Bhen.
1252 704 1301 765 Ι
1334 708 1512 778 (anni
1550 704 1737 779 1833)
1772 724 1839 782 p.
1883 705 2028 779 113,
2071 709 2205 766 item
2245 706 2325 767 II.

317 806 550 866 Keilius
588 805 776 863 diarii
812 807 946 864 crit.
975 804 1126 864 Hal.
1169 820 1227 862 a.
1277 800 1439 862 1849
1480 819 1558 862 m.
1598 804 1815 864 Martii
1840 822 1911 880 p.
1952 803 2098 864 470.
2144 800 2265 863 hae
2296 821 2327 862 ε

325 901 473 962 Oud.
644 905 960 962 uorantur
1000 902 1250 962 Botbius
1420 899 1689 961 cuiaene
1730 906 1879 961 sunt
1919 904 2093 963 idem.
2141 900 2328 962 cuiae

324 1003 476 1057 sunt
511 1016 560 1056 ε.
598 995 781 1057 cuius
829 1001 980 1057 sunt
1023 994 1182 1057 cedo
1209 998 1517 1058 Erasmus.
1554 994 1659 1059 die
1687 996 1862 1059 cuiu’
1907 1004 2058 1059 sunt
2084 999 2328 1060 Ouden-

321 1096 586 1171 dorpius.
642 1113 773 1155 non
813 1097 964 1153 sunt
1004 1097 1155 1154 tuae
1193 1096 1432 1155 Keilius
1605 1096 1681 1154 17
1723 1113 1937 1156 nonne
1981 1098 2155 1158 idem.
2197 1114 2329 1157 non

323 1212 354 1252 ε
396 1192 574 1267 Οαά.,
622 1193 888 1252 Naelcius
939 1195 1003 1252 in
1054 1196 1327 1253 carmina
1384 1195 1613 1255 Valerii
1648 1193 1883 1255 Catonis
1924 1212 1991 1271 p.
2037 1194 2172 1254 210*

322 1287 589 1373 Poplius
635 1286 834 1351 dabat
875 1287 1179 1372 gentibus
1221 1294 1457 1366 scripsi.
1491 1286 1763 1351 Poblius
1796 1289 2099 1371 gentibus
2133 1287 2331 1352 dabat

319 1387 612 1463 Scaliqer.
660 1384 916 1470 populis
960 1385 1321 1448 retentibus
1368 1385 1568 1449 dabat
1598 1390 1729 1449 cod.
1779 1390 1937 1449 Dan.
1976 1395 2115 1449 teste
2135 1388 2330 1448 Scho-

311 1502 488 1562 peno.
531 1482 787 1568 populis
828 1482 1318 1547 recensentibus
1368 1483 1488 1568 (vel
1526 1483 2083 1568 recenseentibus)
2133 1482 2331 1547 dabat

325 1601 375 1641 ε.
404 1579 663 1664 populis
695 1578 1030 1644 consultus
1074 1578 1273 1642 dabat
1311 1583 1624 1642 Erasmus.
1661 1580 1925 1664 regibus
1970 1587 2035 1643 et
2071 1578 2329 1665 populis

324 1675 522 1739 dabat
540 1680 774 1740 Keilius
947 1680 1023 1740 19
1055 1662 1453 1762 Apollodoro
1478 1677 1780 1763 Carystio
1809 1678 2164 1742 translatae
2189 1682 2332 1742 Bit-

322 1779 575 1838 schelius
615 1780 656 1838 l.
696 1780 737 1838 l.
769 1795 841 1854 p.
885 1775 1027 1836 325.

490 1970 568 2030 In
590 1970 945 2043 fabularum
970 1973 1240 2047 ipsarum
1266 1974 1606 2034 recensione
1637 1989 1769 2034 eam
1796 1978 2025 2034 secutus
2061 1989 2189 2033 sum
2215 1989 2333 2032 ra-

324 2071 537 2127 tionem
570 2085 690 2142 qua
722 2071 785 2128 in
815 2070 1157 2130 exercenda
1187 2076 1319 2129 arte
1350 2074 1562 2132 critica
1606 2071 1961 2131 Terentiana
1983 2072 2332 2145 ingredien—

325 2166 466 2224 dum
507 2183 632 2226 esse
674 2166 873 2227 docuit
908 2166 1261 2227 Fridericus
1302 2167 1658 2229 Bitscbelius
1700 2172 1763 2228 in
1806 2170 2199 2245 disputatione
2234 2154 2334 2227 ‘de

323 2262 728 2322 emendatione
754 2263 1111 2335 fabularum
1164 2263 1679 2326 Terentianarum’
1722 2283 1901 2341 quam
1944 2268 2135 2327 indici
2154 2266 2333 2325 scho-

324 2363 521 2419 larum
560 2361 1100 2421 Vratislaviensium
1118 2362 1504 2423 hibernarum
1537 2367 1685 2424 anni
1706 2365 2169 2425 MDCCCXXX
2179 2364 2337 2425 VIII

317 2459 645 2534 praemisit.
695 2460 865 2517 cuius
918 2458 1330 2548 dispzqationis
1379 2461 1531 2520 haec
1572 2461 1713 2533 fere
1766 2477 1994 2520 summa
2043 2467 2157 2521 est:
2217 2462 2335 2522 duo

325 2574 449 2616 esse
489 2557 756 2617 codicum
790 2555 1274 2617 Terentianorum
1310 2574 1566 2632 ymera,
1609 2564 1715 2618 aut
1754 2565 1892 2619 ante
1925 2559 2202 2635 Calliopii
2225 2578 2333 2621 re-

325 2657 654 2715 censionem
704 2657 1060 2729 scriptorum
1098 2661 1203 2714 aut
1241 2672 1322 2714 ex
1366 2672 1439 2715 ea
1482 2658 1618 2732 ipsa
1660 2657 1984 2717 ductorum.
2026 2660 2184 2719 illius
2216 2675 2335 2733 ye-

326 2755 488 2812 neris
520 2756 692 2826 lonae
734 2754 989 2811 omnium
1019 2754 1486 2826 antiquissimum
1526 2772 1651 2815 esse
1679 2755 2053 2829 Bembinum‚
2097 2757 2199 2817 cui
2222 2772 2335 2815 sa-

327 2854 399 2911 tis
454 2852 814 2922 confidenter
861 2851 1279 2911 ‚Victorianum
1294 2897 1309 2925 ‚
1368 2852 1704 2913 dubitanter
1747 2853 2102 2913 Bitschelius
2145 2857 2340 2927 iunqit

326 2949 742 3018 Decurtatum,·
791 2948 910 3007 huc
934 2950 1241 3023 pertinere
1279 2951 1446 3009 circa
1486 2966 1705 3009 nonum
1745 2954 2046 3011 saeculum
2087 2953 2338 3026 scriptos

327 3044 743 3103 Basilicanum
757 3089 774 3118 ,
834 3045 1212 3119 Vaticanum,
1259 3043 1711 3107 Ambrosianum
1724 3092 1740 3121 ,
1787 3047 2063 3124 Calliopii
2089 3064 2337 3123 operam

328 3144 461 3217 ipsa
514 3141 941 3217 subscriffiione
985 3148 1236 3203 testatos.
1289 3159 1424 3203 eam
1474 3151 1669 3204 autem
1710 3162 1835 3206 esse
1874 3152 2156 3205 naturam
2199 3146 2340 3205 libri

328 3238 605 3298 Bembini
642 3255 777 3299 cum
812 3239 1198 3316 Calliopianis
1237 3244 1596 3316 comparati,
1640 3247 1705 3301 ut
1743 3244 2013 3301 universe
2053 3248 2111 3301 et
2143 3258 2335 3315 yene-

327 3339 506 3395 ratim
529 3337 824 3397 iudicanti
859 3340 1090 3411 lonyius
1130 3341 1309 3398 etiam
1334 3355 1376 3398 a
1397 3340 1674 3400 Bembini
1694 3341 2030 3414 integritate
2065 3339 2336 3414 Calliopii

328 3437 590 3495 recensio
634 3436 857 3496 distare
885 3452 1065 3511 quam
1098 3439 1205 3496 illa
1234 3437 1435 3498 abesse
1463 3455 1502 3497 a
1521 3440 1786 3514 pristina
1821 3438 2177 3510 fabularum
2216 3436 2336 3496 Te-

328 3536 742 3595 rentianarum
783 3537 979 3611 specie
1012 3537 1302 3612 videatur,
1343 3538 1454 3598 boc
1495 3545 1582 3598 est
1612 3540 1784 3610 lonqo
1826 3538 2135 3597 intervallo
2176 3538 2337 3611 opti-
