2575 4050
407 276 575 324 xxw
686 249 701 257 ’
867 289 871 293 ⁴
1176 276 1660 322 mscnnrunrm

569 443 602 494 5
626 431 854 489 factum
874 429 941 488 id
1108 438 1179 492 23
1203 429 1287 507 ei]
1314 429 1380 488 hi
1549 432 1770 509 partim
1938 440 2008 493 24
2034 432 2257 510 partim

401 520 648 575 stellulae
672 519 870 573 desunt
1034 522 1107 576 29
1130 521 1199 572 et
1227 524 1298 577 30
1318 518 1438 572 sine
1463 520 1622 572 uncis·
1791 513 1902 592 ibi]
1926 515 2035 575 ubi
2127 508 2154 529 ⁶
2205 523 2277 578 34
2306 519 2430 574 sinc

402 604 559 660 uncis
731 616 866 659 esse
924 598 1070 672 soli,
1130 596 1250 656 sibi
1419 605 1488 661 37
1533 616 1619 674 sq.
1658 597 1785 657 Aut
1835 599 2077 676 uspiam
2130 597 2431 659 ceciderit

404 692 510 744 aut
549 682 955 762 praefregerit
990 677 1002 763 Ι
1038 681 1317 760 Aliquid.
1347 682 1500 757 uah,
1543 700 1992 763 quemquamne
2019 682 2331 745 hominem
2362 683 2430 742 in

406 769 604 828 animo
661 767 1011 840 instituere,
1063 774 1170 824 aut
1337 775 1407 827 40
1444 783 1530 841 sq.
1571 774 1667 824 set
1720 786 1801 825 ex
1860 767 2068 832 fratre.
2110 770 2164 826 is
2206 765 2365 826 adeo
2413 763 2425 847 Ι

401 850 731 912 ΒὶεείηιὶῙὶε
763 850 961 910 studio
990 857 1102 911 est.
1136 851 1258 910 iam
1291 848 1435 908 Inde
1469 849 1546 908 ab
1574 848 1993 910 adulescentia
2017 851 2161 930 (sine
2181 848 2425 928 puncto)

569 945 637 997 55
680 953 767 1010 sq.
820 934 1072 1006 fallere,
1125 933 1212 993 ita
1261 934 1355 992 uti
1403 932 1504 1006 fit,
1561 941 1798 1011 patrem
1843 930 1857 1017 Ι
1894 934 2197 1006 Audebit,
2251 942 2427 993 tanto

569 1027 640 1082 70
680 1026 863 1078 cauet
1031 1025 1103 1081 82
1153 1034 1239 1092 sq.
1280 1017 1463 1094 roges
1519 1038 1646 1093 me,
1706 1017 1812 1078 ubi
1852 1019 2031 1079 nobis
2075 1017 2428 1078 Aeschinus

405 1099 415 1184 Ι
456 1101 617 1176 Siest,
663 1102 812 1182 quid
980 1111 1047 1164 95
1090 1101 1210 1160 Rei
1267 1103 1515 1181 operam
1571 1101 1749 1178 dare,
1801 1104 1928 1162 ruri
1982 1103 2116 1162 esse
2172 1121 2428 1179 parcum

570 1195 640 1251 96
681 1189 912 1245 factum
962 1184 1162 1245 simile
1336 1196 1438 1248 105
1494 1184 1680 1245 duces
1853 1196 1952 1248 121
2008 1205 2090 1262 sq.
2140 1194 2266 1260 est,
2331 1184 2423 1245 dis

402 1270 632 1348 gretia,
670 1281 681 1350 j
719 1270 802 1329 Et
855 1268 1021 1329 unde
1194 1279 1295 1332 125
1352 1270 1459 1350 qui
1510 1272 1644 1329 ueri
1696 1271 1857 1330 sient
2025 1279 2129 1332 133
2172 1269 2224 1328 si
2266 1269 2425 1329 istuc

401 1354 514 1414 tibi
686 1362 786 1417 165
821 1372 906 1428 sq.
963 1352 1383 1414 iusiurandum
1439 1353 1711 1426 dabitur,
1766 1361 1828 1413 te
1886 1373 2022 1413 esse
2061 1352 2070 1432 Ι
2109 1352 2422 1430 indsgnum

403 1438 624 1498 iniuria
652 1437 770 1496 haic
942 1445 1042 1502 167
1076 1438 1266 1498 forem
1437 1438 1556 1497 hoc
1588 1437 1741 1497 nihil
1773 1437 1948 1497 facis.
2124 1445 2229 1501 170
2252 1435 2425 1496 Ceus

401 1543 561 1596 nunc
607 1523 726 1581 iam
896 1530 998 1586 172
1040 1521 1162 1580 An.
1202 1541 1336 1594 em,
1391 1541 1591 1581 serua.
1633 1522 1794 1581 PAR.
1841 1522 2048 1582 omitte
2222 1529 2326 1583 133
2372 1520 2424 1583 Ο

404 1607 640 1666 facinus
683 1605 1129 1666 miserandum!
1181 1605 1304 1663 Au.
1348 1605 1684 1681 geminabit
1735 1606 1854 1665 nisi
1913 1623 2119 1666 caues.
2167 1602 2276 1663 SA.
2322 1605 2426 1664 hei

403 1690 735 1750 miseriam!
909 1697 1010 1753 175
1042 1681 1194 1768 quid
1221 1688 1343 1748 hoc
1381 1689 1496 1747 refi
1540 1689 1680 1749 est?
1853 1698 1955 1754 179
1991 1706 2189 1749 meam
2229 1689 2426 1766 magis

403 1774 551 1834 licet
719 1781 822 1836 183
858 1792 1121 1852 aequam
1150 1791 1287 1832 esse
1461 1781 1567 1835 184
1603 1772 1776 1845 lenc,
1824 1792 1889 1832 es
2062 1781 2164 1837 188
2201 1772 2425 1847 fateor,

402 1857 706 1936 pernicies
747 1858 1079 1916 communis
1250 1865 1350 1920 191
1397 1856 1623 1929 emisti,
1683 1876 1841 1936 quae
1897 1877 1996 1916 res
2037 1857 2151 1917 tibi
2323 1865 2429 1919 208

401 1941 515 2000 has
551 1949 793 2018 egomet
818 1960 1055 2000 mecum
1222 1950 1331 2003 209
1361 1940 1625 2018 accipiat
1652 1941 1774 2000 iam
1810 1942 1956 2000 faxo
2131 1949 2237 2002 212
2266 1939 2428 2000 haec

401 2024 612 2102 hodie]
649 2024 833 2085 hodie
875 2045 1035 2106 quae
1204 2035 1307 2088 215
1348 2024 1535 2086 hodie
1567 2027 1627 2085 ei
1657 2045 1852 2105 usque
2023 2034 2123 2089 217
2154 2044 2238 2099 sq.
2270 2026 2427 2102 pati·

402 2110 594 2169 lulum
639 2118 825 2189 atque
861 2105 875 2192 Ι
911 2109 1314 2171 Adulescenti
1370 2128 1538 2170 esses
1581 2110 1985 2186 morigeratus
2152 2117 2260 2170 220
2300 2128 2431 2169 nen

404 2195 524 2253 scis
570 2195 850 2254 inescare
1020 2203 1123 2257 231
1185 2202 1280 2254 est
1320 2213 1669 2253 maxumum
1825 2202 1942 2268 232
1984 2192 2255 2252 omittam
2328 2262 2334 2268 ²

402 2286 508 2341 234
546 2297 763 2356 passus
932 2287 1034 2342 235
1071 2277 1260 2355 nunc]
1285 2278 1387 2337 hic
1559 2285 1661 2340 237
1685 2279 2000 2355 inceptare
2171 2284 2278 2338 250
2301 2295 2428 2338 non

403 2371 466 2422 te
511 2380 645 2420 esse
682 2382 857 2421 usum
1027 2371 1132 2424 256
1175 2370 1237 2420 te
1276 2381 1441 2421 nunc
1610 2369 1718 2423 258
1758 2360 1913 2419 alias
2082 2368 2187 2423 262
2217 2358 2427 2436 Quinc

405 2445 609 2507 omnia
650 2444 767 2503 sibi
935 2453 1041 2508 263
1095 2459 1361 2503 amorem
1423 2451 1486 2502 et
1538 2443 1861 2520 peccatum
1904 2444 1969 2500 in
2012 2463 2152 2504 sese
2324 2452 2431 2507 264

406 2531 592 2607 supra.
632 2536 795 2605 pote.
839 2548 979 2587 nam
1022 2527 1170 2606 quid
1341 2535 1445 2590 272
1496 2546 1609 2586 nos
1658 2545 1861 2604 paene
1917 2545 2053 2586 sero
2111 2530 2305 2588 scisse
2367 2535 2430 2587 et

402 2614 469 2671 in
514 2631 649 2671 eum
819 2619 924 2674 273
966 2611 1079 2671 tibi
1115 2611 1205 2670 nil
1375 2618 1478 2674 281
1511 2610 1624 2670 SY.
1672 2610 1875 2684 ehem,
1923 2610 2070 2690 quid
2114 2610 2255 2671 est?

404 2705 509 2759 290
541 2714 838 2776 nusquam
875 2694 1148 2762 adfueris
1316 2695 1649 2774 pepereris.
1820 2703 1926 2758 292
1953 2694 2090 2754 Nec
2131 2696 2225 2755 est
2245 2715 2430 2775 quem

571 2788 675 2843 293
715 2778 832 2838 Pol
871 2781 924 2839 is
1092 2787 1198 2842 294
1239 2787 1334 2838 est
1382 2779 1758 2839 miseriarum
1926 2788 2029 2843 295
2070 2787 2257 2839 natae

405 2872 508 2925 299
549 2861 713 2942 quod
754 2863 808 2921 si
976 2872 1078 2927 312
1118 2871 1211 2923 est
1251 2863 1407 2922 haec
1576 2872 1684 2927 313
1726 2863 1893 2924 Satis
1935 2863 2020 2922 mi
2055 2861 2121 2922 id
2161 2861 2429 2923 habeam
2545 2885 2546 2890 ¹

394 2945 705 3025 supplici:
745 2944 915 3023 [dum
942 2947 1083 3007 illos
1104 2947 1369 3007 ulciscar
1389 2947 1619 3025 modo]
1792 2956 1897 3011 316
1920 2945 2256 3006 Sublimem

405 3039 510 3093 319
552 3028 873 3089 funderem
1041 3040 1146 3095 320
1185 3050 1269 3107 sq.
1314 3031 1495 3094 Geta.
1533 3031 1651 3094 Gn.
1694 3031 1834 3091 hcm
1852 3077 1867 3105 ,
1905 3025 1921 3111 Ι
1959 3030 2255 3110 Quisquis

406 3113 654 3173 ubinam
697 3112 809 3173 es?
978 3124 1083 3178 322
1127 3123 1351 3195 expeto
1522 3126 1626 3181 323
1654 3116 1761 3177 So.
1810 3114 1960 3196 quid
1997 3115 2256 3175 festinas

406 3205 510 3261 325
552 3198 892 3280 Eloquere]
937 3199 1190 3279 loquere
1236 3219 1379 3278 ergo
1551 3208 1654 3264 332
1677 3198 1800 3276 Qui
1843 3199 1912 3259 se
1953 3200 2087 3259 sine
2124 3198 2244 3258 hac
2264 3198 2428 3259 iura·

405 3281 511 3342 bat
653 3291 785 3346 -333
842 3282 966 3360 Qui
1025 3304 1092 3344 se
1147 3287 1213 3343 in
1382 3293 1485 3349 335
1536 3281 1844 3362 prospice]
1899 3283 2149 3343 consule
2321 3290 2430 3347 336

406 3365 721 3425 Patiamur
891 3375 992 3432 337
1021 3368 1453 3447 proferendum
1479 3368 1598 3427 hoc
1767 3368 1850 3426 mi
1877 3366 2125 3446 quidem
2145 3386 2268 3426 non
2290 3367 2426 3445 pla·

411 3456 509 3508 cet
677 3460 777 3515 341
831 3451 1020 3531 hanc]
1074 3453 1217 3511 huic
1386 3461 1491 3517 346
1545 3472 1621 3512 ea
1660 3471 1766 3510 om.
1938 3450 2087 3528 han]
2129 3470 2255 3509 non

415 3540 510 3596 347
556 3552 735 3613 quem
780 3537 930 3615 ipse.
957 3538 1242 3597 amiserat
1411 3545 1515 3601 348
1554 3535 1703 3595 mihi
1745 3555 1875 3595 sum
1907 3535 2152 3594 conscia
2320 3541 2427 3597 349
