2575 4050
691 307 724 348 S
732 307 1092 349 ORIP'rVRAE
1133 310 1256 349 BEN
1263 309 1586 351 TLEIANAB
2013 304 2161 352 XVII

138 455 451 515 Thaidem
491 456 611 515 hue
655 455 952 515 deductus
1120 466 1224 521 998
1263 477 1584 518 necessum
1753 468 1886 519 1001
1930 458 2163 538 aliquid

141 539 361 618 aegre]
404 541 643 617 insigne
685 539 919 618 aliquid
1086 549 1220 602 1007
1265 541 1359 600 uis
1416 541 1554 620 tibi]
1596 540 1707 600 tibi
1765 549 1857 600 est
2026 552 2163 604 1010

138 623 505 703 praebueris
532 622 704 681 ludos
877 633 1010 685 1011
1043 622 1130 701 et]
1163 643 1236 683 ac
1405 633 1540 687 1012
1579 644 1655 683 ea
1691 628 1809 683 sine
1838 631 1997 682 uncss

60 774 61 777 Ἴ
141 716 286 769 1021
320 707 536 781 stulte,
581 708 684 785 qui
854 714 993 767 1022
1027 706 1315 783 eundem]
1348 710 1509 786 patri
1681 710 1967 786 exempla
2002 709 2067 767 in
2097 718 2160 767 te

319 798 457 853 1026
483 787 600 867 est]
625 791 714 848 ais
885 798 1023 853 1033
1045 792 1412 868 contigerint
1578 800 1715 853 1039
1738 811 1805 850 se
1834 793 1995 871 patri

141 883 284 936 1045
342 875 446 952 qui
499 872 562 932 id
613 893 791 932 ausus
849 893 981 933 sum
1150 882 1289 936 1052
1330 892 1413 950 sq.
1470 875 1759 934 familiae.
1803 874 1922 935 ΡΗ.
1969 876 2092 949 hui,
2136 880 2147 954 ζ

138 958 302 1016 Mihi
472 966 610 1020 1058
662 965 767 1016 tua
823 956 972 1014 mihi
1142 965 1279 1020 1062
1332 964 1395 1016 te
1442 977 1586 1035 ergo
1641 959 1706 1016 in
1756 958 1852 1017 his
2023 968 2161 1021 1066

140 1038 286 1118 ago]
311 1042 427 1099 erit
593 1050 730 1104 1069
749 1040 1148 1099 uehementer
1178 1041 1321 1099 uolo
1415 1084 1434 1105 .
1471 1048 1610 1103 1070
1628 1041 1851 1100 faciam
2025 1051 2162 1105 1073

141 1123 263 1183 Cn.
303 1122 796 1202 Recipiundum‘?
970 1131 1105 1186 1079
1145 1123 1371 1183 bardus
1543 1133 1680 1187 1082
1720 1145 1994 1205 prorsum

139 1216 284 1270 1084
302 1207 418 1266 hoc
439 1226 547 1267 om.
718 1216 854 1270 1085
876 1208 1061 1267 uoluo
1230 1217 1364 1271 1091
1380 1208 1616 1267 fecistis
1791 1217 1928 1272 1092
1951 1229 2156 1269 omnes

139 1293 401 1350 amarint
570 1300 707 1353 1094
750 1289 1018 1351 CAN'roB
1056 1310 1163 1350 om.

280 1459 651 1516 .Heauton
710 1464 1179 1517 timorumenu
1227 1479 1276 1518 v.
1323 1468 1357 1521 6
1386 1446 1662 1536 Simplex
1689 1501 1704 1517 .
1734 1502 1751 1516 .
1779 1458 2010 1538 duplici
2038 1467 2157 1520 sine

60 1558 61 1565 ¹
137 1548 301 1600 uncis
471 1551 538 1605 18
556 1539 621 1599 id
639 1561 773 1600 esse
796 1541 1023 1601 factum
1192 1552 1260 1605 19
1284 1542 1512 1602 factum
1536 1543 1612 1600 iri
1780 1551 1850 1605 23
1872 1562 1937 1602 se
1961 1545 2154 1622 appli-

60 1686 61 1709 ἶ
140 1645 316 1685 casse
370 1625 532 1684 hunc
701 1633 771 1687 26
828 1627 1019 1684 omnis
1075 1646 1183 1684 uos
1239 1634 1439 1686 oratos
1610 1633 1679 1687 54
1731 1625 1935 1704 quom]
1993 1627 2155 1706 quod

311 1719 380 1770 55
421 1712 513 1768 rei
679 1717 747 1771 57
791 1728 905 1786 ego
953 1727 1087 1768 esse
1122 1709 1186 1767 in
1225 1710 1434 1790 aliqua
1475 1718 1650 1789 parte
1821 1719 1892 1774 63
1934 1730 2005 1770 eo
2044 1730 2151 1774 om.

312 1811 523 1869 agrum
564 1794 629 1851 in
656 1793 751 1851 his
922 1801 990 1855 65
1016 1812 1138 1851 non
1165 1794 1355 1872 pluris
1525 1801 1594 1856 69
1614 1791 1820 1853 facere
1865 1793 2151 1875 denique.

60 1946 61 1949 Ἴ
305 1883 378 1937 72
419 1878 598 1935 Enim
644 1873 837 1951 dices]
869 1875 954 1934 At
982 1876 1139 1934 enim
1175 1897 1269 1936 me
1439 1885 1506 1940 75
1550 1875 1811 1936 Chreme
1979 1886 2048 1942 76
2078 1901 2154 1940 ea

60 1962 61 2030 1
142 1978 303 2040 quae
359 1959 513 2019 nihil
567 1958 646 2018 ad
700 1969 760 2018 te
929 1967 999 2020 82
1054 1959 1278 2020 laboris
1448 1970 1519 2024 83
1557 1961 1792 2019 tantum
1834 1963 2150 2023 meruisti?

60 2045 61 2058 *
138 2046 265 2103 ΜΕ.
327 2046 453 2103 oie‘i‘
620 2054 690 2107 90
753 2045 1033 2104 uaciuom
1203 2054 1272 2109 94
1333 2044 1590 2105 Chreme
1759 2053 1825 2107 97
1879 2045 2147 2125 perdite]

62 2201 63 2210 ἵ
138 2129 439 2204 uirginem
608 2137 710 2190 109
760 2128 945 2186 nimio
1003 2147 1083 2187 ex
1255 2140 1353 2190 115
1393 2129 1646 2187 Putauit
1685 2146 1782 2185 me
1838 2137 1900 2186 et
1943 2131 2146 2189 aetate

142 2220 201 2269 et
243 2211 679 2270 beneuolentia
847 2219 948 2275 117
979 2209 1237 2270 Chreme
1411 2220 1514 2272 118
1558 2211 1713 2269 clam
1753 2229 1849 2269 me
1890 2222 1982 2269 est
2007 2232 2146 2289 pro-

137 2295 371 2353 fectus:
544 2304 645 2357 123
666 2293 1037 2353 Conturbato
1210 2305 1309 2357 131
1342 2294 1478 2373 sed]
1498 2294 1604 2374 qui
1771 2303 1874 2356 135
1901 2294 2147 2371 dignum

138 2379 357 2457 quouis
529 2387 629 2441 145
648 2377 840 2437 Aedis
870 2378 1169 2437 mercede.
1342 2386 1445 2442 148
1468 2377 1726 2438 Chreme
1898 2387 2001 2441 154
2029 2379 2146 2439 hoc

139 2461 305 2541 quod
360 2462 457 2534 fit,
511 2461 618 2519 ubi
788 2471 892 2525 158
941 2472 1345 2521 maxumumst
1516 2471 1612 2525 161
1660 2464 1710 2521 si
1755 2471 1849 2522 est
1892 2483 2148 2523 commo-

62 2589 63 2612 }
138 2545 278 2604 dum
450 2553 550 2608 169
604 2547 856 2605 Monere
918 2555 1154 2625 oportet
1208 2565 1304 2604 me
1478 2554 1577 2609 176
1617 2545 1718 2605 hic
1761 2566 1868 2605 om.
2043 2557 2149 2610 183

136 2630 283 2687 mihi
327 2648 462 2687 cum
505 2648 577 2688 eo
621 2631 739 2687 iam
781 2627 926 2688 inde
957 2649 1152 2709 usque
1182 2650 1220 2687 a
1255 2631 1519 2707 pueritia
1689 2638 1791 2692 186
1824 2630 2149 2689 obiicerem

139 2714 197 2771 ei
238 2712 401 2770 domi
570 2720 670 2776 187
715 2714 921 2792 Atque
966 2714 1148 2772 etiam
1191 2734 1353 2772 nunc
1396 2715 1546 2772 satis
1584 2714 1843 2792 tempori
1890 2721 1981 2772 est

136 2805 236 2859 192
274 2794 583 2855 crederest
750 2805 854 2859 194
884 2796 1126 2862 diuitias
1299 2807 1397 2860 195
1435 2797 1600 2854 illius
1773 2805 1875 2859 199
1900 2795 2147 2855 Illene?

64 2901 65 2942 3
135 2887 231 2938 set
284 2880 644 2959 repprimbm
698 2900 796 2939 me
963 2889 1068 2943 204
1121 2880 1471 2940 insimulant
1638 2888 1741 2943 209
1787 2879 2141 2938 consimilia.

134 2963 250 3022 hoe
419 2971 518 3025 211
573 2963 748 3023 nobis
809 2983 999 3023 cenae
1052 2963 1200 3044 quid
1371 2971 1474 3023 214
1514 2982 1628 3022 nos
1672 2965 1791 3022 iam
1836 2984 1874 3021 a
2046 2972 2150 3025 216

64 3107 65 3114 ¹
137 3049 194 3105 ei
246 3066 352 3105 om.
526 3055 630 3110 219
683 3066 855 3106 meus
1026 3057 1130 3109 222
1179 3048 1328 3106 haut
1496 3056 1599 3108 225
1652 3065 1737 3121 sq.
1799 3056 1896 3107 sat
1937 3049 2147 3124 agitat,

64 3147 65 3150 ’
133 3141 338 3189 tamen
375 3125 385 3210 Ι
423 3130 632 3189 Habet
655 3131 813 3190 bene
844 3139 906 3190 et
933 3130 1156 3209 pudice
1191 3131 1497 3202 eductam,
1541 3131 1814 3207 ignaram
1850 3132 1996 3189 artis
2024 3151 2148 3189 me-

133 3215 420 3273 retriciae
589 3223 691 3277 227
736 3213 1044 3292 inpotens]
1087 3223 1277 3293 petax
1447 3221 1548 3276 231
1584 3214 1874 3273 Uenisset
2043 3223 2146 3276 232

133 3298 351 3370 multa,
388 3298 733 3375 opinionem
775 3299 934 3356 hanc
1102 3305 1204 3361 237
1250 3301 1409 3356 scias
1439 3295 1586 3375 quid
1625 3299 1718 3356 rei
1760 3300 1877 3357 siet
2044 3306 2146 3359 238

133 3380 231 3440 hic
264 3380 512 3441 adesset
678 3381 879 3441 aderit
1045 3391 1148 3444 242
1170 3382 1259 3440 sic
1282 3390 1406 3441 est:
1429 3400 1640 3439 uerum
1808 3389 1913 3441 244
1932 3375 2143 3460 uideo]

136 3464 276 3524 uiuo
448 3474 550 3528 245
603 3464 713 3525 SY.
771 3465 1023 3525 Minime
1193 3474 1299 3527 250
1350 3465 1621 3542 Propere
1792 3473 1897 3525 253
1951 3464 2008 3522 ei
2039 3483 2144 3522 om.

300 3558 408 3612 258
448 3548 793 3628 Antiphila,
833 3558 927 3621 te,
1101 3557 1215 3610 271·
1247 3556 1530 3608 mortemt
1591 3565 1669 3605 ex
1710 3549 1850 3624 ipsa
1890 3548 1953 3604 in
1987 3546 2143 3605 itere

710 3649 725 3662 ⁶
1707 3640 1739 3685 b
