2575 4050
438 312 553 360 xvl
640 358 644 363 ,
1196 310 1678 356 υῙΒοΒΕΡΔΝΤῙΑ
2509 358 2520 393 1

601 474 703 528 626
742 463 1000 524 tendere
1039 461 1181 521 inde
1264 533 1271 537 ,
1352 467 1456 524 634
1496 480 1592 519 me
1625 479 1772 519 uero
1890 536 1894 540 .
1942 466 2045 523 635
2085 461 2273 519 uenio
2505 398 2541 531 lll

432 557 537 613 644
567 546 820 611 ausum?
864 547 1038 625 perii.
1068 546 1185 604 Pu.
1216 545 1332 603 hoc
1501 552 1605 606 653
1631 541 1896 619 Ragau?
1928 542 2274 603 eunuchum
2505 534 2540 609 ἳιε

432 641 536 696 654
578 652 756 712 quam
799 650 940 690 erae
981 628 1237 688 dederat
1278 626 1434 686 dono
1606 627 1695 686 ais
1726 644 1840 701 pro
1884 636 1978 685 a'is
2147 636 2250 690 655
2294 630 2441 689 mihi
2507 634 2540 699 33:

433 718 538 794 qui
707 723 809 779 657
840 732 924 788 sq.
961 713 1200 774 nescio:
1242 713 1362 771 hoc
1399 709 1409 789 Ι
1448 708 1630 786 Quod
1657 709 1807 769 fecit
1975 718 2078 773 662
2113 705 2263 789 illic]
2295 713 2443 776 hinc
2505 700 2540 773 ἶνίν

431 799 541 859 ille
710 808 810 862 665
841 796 1151 856 audieram
1189 795 1508 854 mulierum
1540 812 1676 853 esse
1708 813 1809 852 eos
1979 802 2082 857 670
2109 793 2269 852 Dluc

432 891 537 945 674
589 903 622 941 ο
677 883 904 941 factum
1073 888 1177 942 684
1231 873 1368 957 tibi]
1429 896 1500 937 eo
1668 885 1771 939 689
1813 875 2033 936 Colore
2090 877 2440 940 stellionino

598 975 701 1028 690
715 966 960 1025 emerim
1128 971 1232 1026 693
1250 970 1428 1021 natus
1451 979 1640 1019 annos
1810 968 1912 1024 697
1934 961 2111 1019 Meus
2132 961 2438 1023 fraterne?

595 1058 697 1113 699
732 1067 817 1124 sq.
861 1049 988 1107 Do.
1034 1046 1196 1106 Non.
1241 1046 1358 1105 ΡΗ.
1404 1043 1569 1103 unde
1613 1044 1862 1103 fratrem
1900 1045 2101 1104 meum
2143 1064 2281 1104 esse
2319 1048 2438 1105 sci-

428 1131 586 1191 bas?
608 1133 734 1191 Do.
765 1131 1066 1190 Parmeno
1091 1127 1317 1209 (ceteris
1336 1124 1577 1207 ommis)
1746 1136 1846 1191 701
1881 1129 1933 1186 is
1962 1130 2044 1188 mi
2069 1129 2229 1187 hanc
2263 1128 2441 1190 dedit

427 1225 680 1276 uestem.
852 1220 955 1277 706
1012 1215 1194 1274 etiam
1243 1231 1409 1271 nunc
1464 1211 1714 1289 paulum
1881 1219 1985 1274 710
2024 1213 2228 1272 Etiam
2270 1232 2439 1276 nunc

430 1298 642 1357 credes
812 1306 914 1361 711
969 1298 1033 1356 ni
1089 1307 1155 1355 tu
1199 1295 1398 1355 credis
1565 1303 1669 1358 712
1710 1314 1917 1354 rursus
2084 1295 2270 1356 hodie
2317 1316 2437 1374 ego

592 1390 694 1444 715
737 1400 819 1457 sq.
860 1382 980 1440 Pu.
1025 1383 1047 1440 i
1086 1382 1263 1439 intro.
1293 1380 1420 1439 De.
1466 1381 1564 1438 eoi
1596 1389 1676 1439 e·1·.
1714 1373 1728 1460 Ι
1764 1378 1881 1438 ΡΗ.
1924 1371 2071 1438 A'lio
2100 1387 2281 1458 pacto
2324 1379 2436 1438 ho·

425 1464 598 1524 ueste
626 1464 925 1545 quomodo
968 1465 1110 1526 hinc
1141 1463 1467 1523 abscedam
1498 1463 1737 1522 nescio:
1908 1470 2008 1524 717
2040 1461 2324 1522 Actumst
2353 1465 2433 1522 si·
2501 1472 2508 1545 ᾗ

426 1550 688 1627 quidem.
732 1558 798 1609 tu
966 1546 1405 1606 ludificabere‘?
1574 1555 1680 1609 718
1729 1546 2010 1605 technam
2178 1554 2283 1610 719
2325 1549 2434 1624 pol
2501 1548 2541 1621 {m

592 1641 696 1694 724
754 1630 1054 1691 Chremen
1223 1638 1330 1692 728
1394 1647 1530 1688 esse
1586 1629 1839 1708 pulchre
2008 1636 2114 1692 730
2168 1628 2436 1690 Chreme
2501 1650 2540 1687 ,ω

591 1723 692 1778 731
720 1723 884 1774 certe
1052 1722 1158 1777 733
1177 1713 1366 1772 multo
1388 1730 1484 1770 me
1517 1712 1835 1771 anteuenit
1999 1731 2157 1771 anne
2327 1721 2437 1778 739
2499 1736 2506 1783 ;

426 1816 559 1856 esse
582 1817 689 1858 om.
860 1805 965 1860 740
983 1796 1183 1876 Atqui
1206 1797 1258 1855 si
1286 1796 1457 1854 illam
1488 1794 1675 1874 digito
1699 1796 1968 1872 attigerit
2134 1805 2239 1860 742
2270 1798 2436 1856 enim
2499 1796 2506 1857 l

421 1899 530 1939 om.
700 1888 806 1944 743
858 1888 920 1940 te
965 1883 1162 1958 ipsum
1209 1887 1434 1959 expeto
1601 1888 1706 1943 750
1759 1878 1872 1938 tibi
1919 1879 2007 1937 ita
2052 1879 2143 1956 ut]
2198 1881 2285 1939 ita
2338 1883 2436 1941 uti
2499 1904 2506 1923 ·

588 1971 689 2029 751
735 1962 990 2025 Chreme
1159 1971 1263 2028 765
1311 1962 1568 2024 Chreme
1736 1971 1840 2027 769
1875 1970 1944 2021 ut
1986 1961 2154 2024 dicas
2325 1972 2434 2028 775
2497 1954 2541 2050 {qt

424 2067 609 2107 cornu
776 2057 878 2111 785
923 2050 1028 2129 qui
1066 2048 1179 2108 tibi
1218 2068 1381 2107 nunc
1426 2048 1523 2106 uir
1562 2047 1805 2107 uidetur
1848 2067 2012 2122 esse,
2054 2048 2156 2106 hic
2325 2057 2436 2112 789
2497 2049 2539 2110 -Μ

421 2152 585 2193 arma
753 2140 856 2197 793
885 2132 1074 2192 hosce
1242 2140 1346 2196 795
1374 2133 1497 2191 ΤΗ.
1538 2140 1591 2189 et
1620 2133 1788 2191 Tun.
1818 2150 1923 2190 om.
2092 2139 2197 2194 796
2233 2132 2297 2191 ui
2317 2151 2432 2191 om.
2516 2138 2539 2193 ui

586 2225 691 2280 803
721 2236 833 2294 ego
871 2224 1054 2296 caput
1091 2224 1258 2275 tuum
1292 2215 1476 2274 hodie
1644 2224 1750 2279 804
1776 2214 1889 2276 tibi
1915 2217 2010 2274 uis
2177 2224 2283 2277 810
2313 2213 2430 2275 Sa·
2499 2229 2537 2280 ,εἰ

418 2300 496 2356 tis
511 2300 622 2358 tibi
647 2298 782 2358 est?
951 2300 1066 2358 hoc
1086 2302 1153 2359 tii
1177 2302 1267 2357 ais
1436 2308 1537 2361 811
1560 2298 1827 2358 redimus
1996 2307 2100 2362 826
2129 2298 2209 2357 ad
2242 2318 2356 2358 nos
2368 2299 2428 2378 ‘?]
2497 2301 2537 2359 ·fe

420 2380 498 2439 ad
539 2402 635 2439 me
653 2426 667 2454 ,
727 2391 831 2440 aut
998 2390 1102 2445 832
1144 2382 1413 2440 commisi
1581 2390 1685 2444 836
1730 2380 2154 2459 comprehendi
2322 2391 2432 2447 889
2501 2431 2506 2440 .

417 2472 542 2521 tum
580 2460 800 2544 autem]
848 2465 970 2523 ΤΗ.
1015 2483 1157 2524 non.
1201 2464 1320 2523 Pr.
1364 2471 1490 2522 tum
1657 2472 1762 2525 848
1798 2481 1883 2538 sq.
1926 2465 2168 2523 haereo.
2206 2461 2220 2547 1
2259 2465 2431 2543 Quid

417 2546 685 2605 faciam?
854 2556 957 2610 856
1014 2544 1326 2625 quiddam]
1370 2546 1517 2625 quid
1681 2555 1787 2610 858
1827 2566 2024 2606 meam
2069 2567 2429 2610 conseruam

420 2628 653 2687 credidi
820 2639 924 2693 859
943 2648 1023 2706 sq.
1048 2630 1313 2689 inuelem
1342 2630 1406 2687 in
1443 2624 1455 2711 Ι
1495 2628 1817 2707 Capillum.
1847 2640 2207 2709 monstrum5
2242 2635 2428 2694 etiam

584 2721 688 2777 869
715 2709 862 2792 non]
892 2732 970 2772 ne
1138 2721 1242 2776 870
1271 2712 1484 2791 atque]
1515 2713 1724 2791 itaque
1893 2724 1991 2779 871
2026 2714 2144 2775 hoc
2170 2716 2255 2774 mi
2437 2707 2454 2724 “

414 2804 519 2860 873
546 2798 829 2877 quapiam
860 2806 923 2855 et
1088 2805 1194 2860 874
1225 2796 1391 2855 Malo
1433 2817 1512 2857 ex
1540 2798 1840 2876 principio
2008 2808 2113 2863 880
2142 2818 2255 2876 ego
2293 2820 2425 2859 sum
2525 2859 2533 2869 ,

415 2880 660 2956 ingenio
831 2888 937 2944 883
992 2882 1068 2940 ab
1126 2883 1278 2940 istoc
1332 2881 1446 2939 tibi
1613 2889 1717 2944 886
1773 2881 1920 2941 fidei
2088 2890 2193 2945 894
2243 2885 2425 2943 uisne

581 2971 686 3025 898
722 2961 868 3021 fidei
1035 2974 1140 3027 900
1191 2984 1497 3043 perspexe
1553 2965 1683 3024 eius
1728 2965 1875 3025 mihi
1933 2965 2147 3025 uidere
2319 2976 2422 3030 901

411 3065 533 3104 non
575 3046 679 3123 pol
723 3045 902 3105 credo
1073 3056 1175 3110 912
1212 3066 1296 3122 sq.
1338 3068 1513 3108 moue
1573 3068 1721 3108 uero
1779 3051 1943 3108 ocius
1982 3044 1994 3131 Ι
2030 3050 2156 3123 Te,
2211 3053 2422 3110 nutrix
2528 3059 2531 3070 ‘

580 3138 683 3191 920
715 3130 1058 3191 excruciem
1099 3150 1232 3190 meo
1404 3141 1507 3196 922
1538 3151 1691 3192 exeo
1862 3141 1965 3196 926
1996 3132 2419 3193 difficillimum

413 3220 473 3271 et
641 3220 742 3275 927
782 3233 819 3271 a
847 3216 1161 3273 meretrice
1332 3223 1436 3279 928
1460 3215 1596 3293 Quo
1629 3216 1871 3276 amabat
2040 3225 2143 3280 926
2173 3236 2281 3276 suo
2311 3237 2420 3277 om.
2525 3203 2528 3226 ⁴

577 3304 682 3358 940
725 3297 907 3355 saluti
949 3307 1040 3357 est
1212 3306 1317 3360 942
1358 3299 1421 3357 in
1463 3319 1569 3361 om.
1740 3309 1843 3363 952
1873 3298 2030 3376 eius]
2065 3299 2146 3359 eii
2316 3310 2420 3365 956
2527 3305 2528 3314 ’

407 3377 642 3455 Atque]
689 3387 750 3439 et
916 3390 1021 3445 960
1046 3401 1332 3462 umquam
1372 3402 1481 3460 pro
1523 3381 1776 3442 moecho
1944 3391 2047 3446 976
2089 3382 2418 3444 aduenisse

408 3460 646 3538 gaudeo
836 3472 940 3528 978
1002 3465 1167 3545 qued
1230 3474 1297 3524 tu
1360 3467 1630 3545 trepidas
1816 3467 1984 3526 salue
2166 3476 2270 3531 985
2331 3485 2414 3544 sq.

409 3543 708 3604 Chaerea.
736 3547 854 3609 LA.
896 3548 1053 3624 hem,
1091 3544 1101 3630 Ι
1141 3547 1350 3626 Quid?
1397 3549 1604 3608 amat?
1635 3570 1712 3609 an
1754 3551 1875 3609 iam
1913 3551 2029 3609 scit
2196 3560 2299 3615 991
2340 3552 2416 3610 ad

2507 870 2541 935 <3⁷⁴

2505 1064 2541 1270 5⁴52&
2518 960 2541 1017 με

2518 1314 2541 1352 ἕ
