2575 4050
580 1153 816 1220 imm
869 1150 1078 1219 imvs
1125 1150 1438 1219 mim
1484 1149 1661 1220 mc
1710 1149 1886 1219 svm·

289 1439 343 1492 V
467 1438 494 1489 1
535 1438 603 1488 ad
638 1437 740 1489 174
777 1437 981 1487 iambici
1015 1439 1199 1487 senarii

311 1553 327 1562 -
399 1521 500 1573 175
535 1528 585 1570 et
621 1520 720 1571 177
757 1518 998 1569 trochaici
1031 1513 1281 1568 octonarii

301 1635 327 1645 -
400 1603 503 1656 176
533 1602 820 1652 trochaicus
855 1605 1173 1667 septenarius

301 1716 327 1726 -
399 1685 501 1737 178
537 1683 821 1734 trochaicus
854 1683 1069 1734 dimeter
1102 1683 1429 1738 catalecticus

302 1798 330 1809 -
399 1767 500 1820 179
532 1777 583 1818 et
619 1764 721 1816 180
754 1765 1000 1816 trochaici
1034 1768 1314 1833 septenarii

305 1881 329 1893 -
401 1851 498 1904 181
531 1852 599 1901 ad
630 1841 727 1900 241
763 1849 965 1900 iambici
998 1851 1244 1900 octonarii

301 1965 325 1977 -
396 1935 498 1985 242
534 1934 601 1983 ad
633 1931 737 1984 256
771 1931 1015 1983 trochaici
1049 1934 1327 2001 septenarii

300 2046 328 2056 -
398 2019 498 2070 257
533 2017 599 2066 ad
634 2016 735 2068 264
769 2016 975 2067 iambici
1011 2014 1258 2068 octonarii

301 2128 326 2138 -
399 2099 501 2151 265
535 2099 602 2148 ad
633 2097 731 2149 311
765 2097 968 2147 iambici
1001 2098 1189 2148 senarii

300 2208 326 2219 ·
397 2180 501 2233 312
535 2181 820 2232 trochaicus
853 2187 1171 2245 septenarius

302 2294 329 2305 -
398 2264 502 2317 313
538 2264 823 2314 trochaicus
860 2264 1145 2313 octonarius

299 2376 325 2390 ο
395 2346 498 2398 314
532 2347 601 2397 ad
630 2345 734 2396 339
766 2345 1011 2395 trochaici
1046 2342 1325 2410 septenarii

302 2460 325 2470 -
397 2428 501 2481 340
534 2430 600 2479 ad
637 2427 739 2480 380
768 2429 974 2479 iambici
1002 2429 1191 2478 senarii

301 2538 317 2550 ·
396 2510 495 2563 381
535 2512 603 2561 ad
637 2510 740 2562 397
770 2509 1015 2560 trochaici
1046 2507 1327 2574 septenarii

299 2620 329 2633 -
397 2592 499 2644 398
535 2594 602 2643 ad
634 2591 738 2643 404
772 2593 974 2642 iambici
1006 2591 1247 2642 octonarii

298 2705 325 2716 -
393 2675 496 2727 405
533 2676 598 2725 ad
634 2674 732 2726 561
766 2674 972 2724 iambici
1004 2661 1192 2724 seuam

299 2789 325 2799 -
396 2758 499 2810 562
535 2764 583 2808 et
614 2755 715 2809 563
746 2757 988 2807 trochaici
1018 2758 1267 2808 octonarii

299 2870 323 2880 -
394 2839 494 2890 564
531 2838 816 2889 trochaicus
844 2837 1163 2903 septenarius

298 2945 321 2958 ·
397 2921 497 2972 565
535 2921 780 2971 iambicus
812 2919 1103 2971 octonarius

297 3032 322 3046 -
395 3005 497 3057 566
534 3006 780 3055 iambicus
817 3002 1167 3066 quaternarius

297 3113 320 3127 ·
396 3085 497 3137 567
539 3087 604 3136 ad
640 3086 743 3137 569
777 3085 1019 3136 trochaici
1054 3082 1298 3135 octonarii

296 3200 327 3212 -
399 3170 517 3221 570.
548 3170 669 3221 571.
706 3170 808 3221 573
844 3168 1090 3218 trochaici
1125 3163 1403 3231 septenarii
1462 3183 1469 3190 ·

299 3284 327 3297 -
397 3254 499 3305 572
534 3262 584 3303 et
617 3254 720 3305 574
755 3252 993 3303 trochaici
1032 3250 1278 3301 octonarii

301 3366 327 3378 -
396 3337 499 3388 575
536 3337 604 3387 ad
638 3336 742 3388 578
773 3335 978 3387 iambici
1015 3333 1259 3385 octonarii

302 3448 327 3461 ·
398 3419 502 3471 579
538 3419 822 3472 trochaicus
856 3418 1173 3483 septenarius

304 3530 325 3542 ·
395 3500 500 3554 580
535 3503 600 3552 ad
636 3502 740 3554 582
770 3499 1012 3552 trochaici
1049 3496 1291 3550 octonarii
1697 3554 1826 3619 12*

2112 256 2238 324 179
