2575 4050
443 294 569 358 236

487 485 547 538 V.
588 484 690 536 465
723 480 791 536 'ad
828 486 932 538 468
967 483 1214 538 trochaici
1252 488 1500 539 octonarii
1538 484 1544 489 ’

513 597 534 606 -
605 568 709 619 469
744 579 794 618 et
827 569 931 620 470
966 568 1210 619 trochaici
1244 571 1525 636 septenarii

511 678 533 687 -
601 649 702 700 471
741 652 808 701 ad
836 650 940 703 478
975 653 1183 702 iambici
1219 653 1465 703 octonarii

515 759 535 767 ·
603 732 709 785 479
744 742 795 783 et
828 734 934 786 480
968 734 1213 786 trochaici
1249 737 1497 787 octonarii

508 845 532 856 -
602 816 700 867 481
738 818 806 868 ad
838 817 942 869 484
976 818 1216 869 trochaici
1252 820 1525 882 septenarii

511 927 533 938 ·
602 900 706 951 485
741 899 968 951 clausula

512 1010 534 1021 ·
605 982 708 1035 480
744 983 994 1033 iambicus
1029 984 1317 1033 octonarius

511 1094 534 1105 -
602 1065 704 1116 487
740 1068 804 1116 ad
840 1064 945 1119 489
975 1064 1223 1116 trochaici
1256 1070 1534 1131 septenarii

511 1180 535 1194 -
605 1151 708 1204 490
745 1151 994 1202 iambicus
1026 1152 1260 1202 senarius

511 1259 538 1272 ·
606 1233 709 1286 491
746 1234 996 1284 iambicus
1031 1235 1349 1300 septenarius

512 1346 534 1358 -
601 1315 705 1367 492
740 1317 990 1367 iambicus
1020 1319 1308 1367 octonarius

514 1430 535 1439 -
602 1397 706 1450 493
742 1400 809 1448 ad
840 1397 940 1450 501
979 1399 1227 1450 trochaici
1259 1402 1541 1465 septenarii

510 1514 535 1525 -
604 1483 706 1537 502
743 1492 791 1534 et
825 1484 926 1537 503
966 1486 1175 1536 iambici
1215 1487 1463 1536 octonarii

510 1597 535 1608 -
605 1570 710 1623 504
745 1572 812 1621 ad
831 1561 953 1625 '566
987 1572 1234 1623 trochaici
1269 1575 1545 1638 septenarii

511 1683 533 1695 -
604 1655 706 1706 507
744 1655 812 1704 ad
844 1654 944 1704 712
981 1655 1185 1704 iambici
1221 1657 1411 1706 senarii

511 1768 536 1778 -
605 1738 707 1789 713
745 1739 811 1788 ad
847 1738 947 1787 727
986 1739 1194 1788 iambici
1232 1740 1477 1790 octonarii

512 1852 536 1862 -
605 1821 725 1872 728.
768 1819 886 1872 730.
927 1819 1023 1872 731
1062 1821 1306 1873 trochaici
1339 1825 1588 1875 octonarii

511 1934 536 1944 -
607 1902 708 1954 729
743 1903 1034 1955 trochaicus
1069 1905 1284 1954 dimeter
1322 1904 1649 1957 catalecticus

512 2014 538 2028 ·
606 1985 707 2039 732
742 1986 1032 2038 trochaicus
1069 1988 1389 2055 septenarius

512 2095 538 2107 ·
607 2069 707 2123 733
747 2078 797 2120 et
830 2070 934 2123 734
968 2072 1173 2123 iambici
1209 2074 1453 2122 octonarii

512 2184 537 2195 -
606 2153 707 2206 735
743 2156 812 2206 ad
844 2153 946 2207 738
979 2156 1226 2208 trochaici
1259 2157 1501 2208 octonarii

514 2265 539 2276 ·
609 2236 710 2289 739
745 2239 813 2289 ad
841 2240 940 2291 741
979 2239 1222 2291 trochaici
1251 2241 1531 2304 septenarii

514 2349 538 2358 -
609 2321 712 2371 742
748 2320 815 2370 ad
853 2322 953 2371 747
990 2322 1193 2372 iambici
1234 2322 1483 2371 octonarii

515 2429 537 2440 -
610 2400 712 2451 748
747 2403 816 2452 ad
853 2402 956 2453 794
995 2403 1199 2453 iambici
1234 2404 1515 2469 septenarii

514 2512 540 2522 -
610 2483 711 2534 795
751 2486 819 2534 ad
849 2484 952 2537 819
991 2485 1199 2534 iambici
1239 2485 1485 2535 octonarii

519 2594 539 2604 -
610 2563 716 2616 820
751 2566 819 2616 ad
857 2566 960 2617 827
997 2567 1203 2616 iambici
1237 2568 1515 2633 septenarii

518 2674 542 2685 ·
612 2646 715 2698 829
752 2649 817 2697 ad
854 2647 958 2699 840
994 2649 1196 2699 iambici
1234 2650 1483 2699 octonarii

518 2759 542 2768 -
614 2729 711 2779 841
754 2731 822 2780 ad
855 2728 959 2781 883
994 2731 1240 2782 trochaici
1275 2732 1551 2798 septenarii

518 2840 544 2851 -
612 2812 716 2864 884
754 2815 820 2863 ad
860 2813 995 2864 1010
1030 2815 1236 2865 iambici
1272 2815 1460 2865 senarii

519 2923 545 2933 -
618 2894 748 2947 1011
789 2898 855 2946 ad
893 2896 1025 2949 1055
1062 2899 1306 2948 trochaici
1340 2893 1628 2964 septenarii.
