2575 4050
954 290 1317 333 PRAEFATIO
2087 287 2159 333 IX

147 458 304 502 mum
345 441 604 501 codicem
633 438 984 499 Bembinum
1026 456 1151 499 esse
1195 455 1271 499 ac
1311 443 1485 514 lonae
1516 443 1797 515 plurimis
1832 441 2163 518 Calliopia-

122 555 358 599 norum
410 541 613 599 naevis
664 537 1069 612 absterqendis
1120 536 1404 609 sufficere
1417 585 1432 610 ,
1502 538 1611 597 sed
1658 541 1751 598 vel
1801 542 1888 599 sic
1937 544 2164 600 restare

149 654 302 711 quae
342 653 477 696 cum
530 637 658 696 tolli
693 634 969 695 Bembini
1013 648 1123 709 ope
1175 646 1467 710 nequeant
1482 680 1498 709 ,
1546 637 1710 695 ultra
1760 637 1937 696 huius
1982 638 2164 709 fidem

145 728 581 811 probrediendi
615 740 673 792 et
717 736 926 793 salutis
966 751 999 792 e
1040 735 1381 793 coniectura
1425 735 1723 809 petendae
1765 737 2165 795 necessitatem

148 837 485 892 monstrent.
517 833 656 891 hinc
687 833 871 905 iqitur
895 831 1206 905 profectus
1243 833 1388 890 etin
1424 834 1717 892 auu-ilium
1744 833 2020 892 adhibitis
2047 849 2165 892 non

150 933 336 989 solum
377 935 637 989 veterum
678 929 1066 1002 scriptorum,
1121 928 1396 1001 inprimis
1428 931 1958 1001 grammaticorum
1995 932 2163 989 testi-

149 1029 359 1088 moniis
399 1029 476 1088 de
514 1029 712 1087 multis
753 1027 970 1086 harum
1005 1025 1360 1097 fabularum
1400 1026 1690 1099 versibus,
1734 1026 1844 1085 sed
1877 1029 2055 1085 etiam
2081 1030 2165 1087 eis

150 1143 303 1201 quae
322 1128 564 1200 priores
602 1125 858 1185 editores
884 1125 1108 1197 aliique
1136 1124 1401 1183 homines
1422 1124 1582 1183 docti
1599 1124 1686 1183 ad
1701 1124 1940 1184 easdem
1958 1141 2164 1185 emen-

151 1225 394 1284 dandas
437 1223 583 1282 data
632 1238 817 1298 opera
871 1225 1380 1295 excoqitaverunt,
1433 1222 1624 1281 verbis
1648 1225 1869 1296 poetae
1910 1225 2164 1298 inteqri—

150 1327 328 1379 tatem
371 1324 654 1394 quantum
683 1321 861 1394 potui
898 1320 1204 1379 restituere
1230 1323 1477 1378 conatus
1502 1335 1650 1378 sum.
1693 1336 1806 1394 quo
1846 1321 1909 1379 in
1939 1324 2166 1395 neqotio

149 1435 303 1478 nova
343 1417 608 1476 subsidia
650 1408 771 1476 nisi
797 1432 950 1490 quae
990 1417 1253 1476 omnibus
1287 1421 1567 1490 paterent
1603 1417 1753 1476 mihi
1781 1424 2024 1491 praesto
2048 1435 2166 1479 non

145 1515 405 1588 fuerunt
429 1519 690 1588 praeter.
725 1530 907 1573 unum
945 1517 1280 1592 exemplum
1317 1515 1588 1574 editionis
1629 1520 1877 1574 curatae
1920 1518 1994 1575 ab
2031 1515 2165 1575 An-

149 1615 308 1672 tonio
332 1610 605 1671 Goveano
625 1611 932 1684 (Luqduni
954 1609 1125 1684 apud
1139 1609 1269 1670 Seb.
1295 1611 1622 1687 Gryphium
1642 1629 1700 1671 a.
1718 1613 2164 1684 MDXXXXI)

148 1712 536 1770 adservatum
576 1710 732 1769 illud
768 1711 832 1768 in
874 1709 1219 1770 bibliotheca
1258 1713 1431 1784 reqia
1460 1710 1814 1771 Monacensi
1840 1715 2165 1786 (signatum

148 1808 220 1867 Α.
248 1808 386 1869 Lat.
427 1824 485 1866 a.
532 1804 699 1879 290),
745 1808 915 1866 cuius
957 1806 1325 1880 marcinibus
1367 1807 1578 1866 Petrus
1630 1808 1921 1867 Victorius
1960 1811 2166 1883 scrip-

148 1911 321 1964 turas
348 1904 742 1978 complurium
769 1903 1070 1974 librorum,
1096 1905 1161 1962 in
1188 1905 1273 1961 eis
1298 1902 1575 1962 Bembini
1592 1908 1975 1979 ascripserat,
2007 1906 2167 1965 unde

150 2005 381 2077 aliquot
415 2002 559 2061 locis
586 2001 661 2061 de
695 2002 943 2061 lectione
980 2001 1156 2061 huius
1193 2002 1401 2078 optimi
1425 2001 1567 2063 libri
1593 2018 1748 2076 quae
1775 2003 2019 2063 aliunde
2048 2019 2165 2064 non

149 2107 286 2163 erat
322 2105 465 2160 nota
506 2100 724 2159 certior
757 2099 965 2171 sactus
1004 2115 1151 2158 sum.

322 2198 447 2257 Pro
482 2196 882 2268 fundamento
908 2196 1084 2256 huius
1116 2197 1501 2267 recensionis,
1546 2200 1613 2253 ut
1625 2210 1756 2268 par
1783 2198 1943 2267 erat,
1987 2195 2169 2254 habui

150 2294 418 2355 Ricardi
441 2292 678 2353 Bentlei
712 2294 1023 2352 editionem
1064 2294 1320 2351 alteram
1362 2307 1516 2365 quae
1548 2288 1970 2353 Amstelodami
2010 2309 2167 2353 anno

151 2391 509 2452 MDCCXX
521 2390 648 2451 VII
693 2391 955 2465 prodiit:
1011 2404 1051 2447 a
1103 2391 1275 2448 cuius
1329 2392 1600 2463 exemplo
1650 2389 1755 2448 ubi
1801 2392 2167 2451 recessissem

154 2490 383 2549 additis
417 2489 754 2549 auctoribus
780 2494 887 2547 aut
920 2488 1210 2547 librorum
1237 2489 1593 2561 scriptorum
1620 2491 1905 2549 memoria
1948 2495 2053 2549 aut
2083 2492 2168 2550 eis

152 2586 485 2646 hominibus
535 2586 720 2645 doctis
771 2587 877 2659 qui
919 2586 1156 2644 illorum
1213 2586 1588 2659 corruptelas
1641 2585 1783 2645 bene
1824 2587 2167 2647 emendasse

153 2685 499 2744 viderentur
539 2685 603 2741 in
643 2683 761 2742 hac
789 2682 1179 2757 praefatione
1216 2698 1515 2756 exponere
1555 2686 1970 2743 constitueram
1980 2704 2004 2753 ,·
2056 2701 2165 2743 ve—

152 2796 288 2839 rum
325 2794 470 2839 mox
505 2781 773 2839 intellexi
809 2779 927 2838 hac
961 2781 1191 2838 ratione
1218 2784 1480 2853 peracta
1510 2779 1653 2851 fore
1679 2786 1746 2839 ut
1769 2782 1947 2839 multo
1974 2781 2166 2840 maius

153 2880 414 2952 spatium
455 2878 782 2951 inpleretur
822 2892 1001 2950 quam
1044 2876 1138 2935 his
1179 2877 1407 2936 chartis
1446 2892 1783 2937 concessum
1823 2883 1995 2951 esset,
2041 2880 2165 2938 ita-

154 2995 265 3052 que
301 2981 407 3038 illo
446 2978 689 3038 consilio
731 2978 953 3038 abiecto
982 2993 1107 3036 una
1147 2994 1281 3037 cum
1322 2977 1439 3037 hac
1467 2980 1750 3038 maiorem
1792 2980 2009 3039 harum
2044 2979 2164 3051 sa-

156 3079 432 3138 bularum
461 3078 776 3138 editionem
794 3080 1025 3153 paravi
1048 3080 1199 3136 iusto
1227 3083 1534 3152 apparatu
1568 3081 1772 3139 critico
1802 3081 2162 3150 instructam,

154 3191 333 3249 quam
373 3191 518 3234 mox
557 3178 621 3234 in
651 3176 964 3250 publicum
1003 3176 1259 3250 prodire
1287 3190 1467 3249 posse
1509 3192 1702 3250 spero.
1745 3177 1885 3236 huic
1925 3176 2170 3236 editioni

153 3274 328 3346 infra
369 3273 598 3333 nudam
642 3275 1105 3349 discrepantiam
1141 3275 1478 3348 scripturae
1520 3273 1913 3333 Bentleianae
1951 3273 2163 3344 adieci,

152 3373 315 3432 unde
353 3375 529 3446 quasi
563 3389 682 3432 uno
723 3378 1033 3447 conspectu
1073 3375 1331 3433 eluceret
1367 3379 1615 3446 quantos
1656 3374 1816 3431 intra
1853 3377 2082 3432 centum
2111 3376 2170 3430 et

153 3470 404 3542 trzyinta
467 3485 655 3528 annos
706 3470 879 3529 crisis
938 3468 1298 3529 Terentiana
1347 3470 1442 3527 vel
1487 3474 1631 3543 post
1675 3469 1884 3541 maqni
1933 3466 2171 3528 Bentlei

150 3571 495 3644 exemplum
548 3568 839 3642 effecisset
881 3584 1211 3643 processus.
1240 3592 1248 3599 ·
1275 3569 1494 3627 seclusi
1540 3565 1683 3625 inde
1745 3581 1970 3625 omnem
2034 3580 2161 3625 eam
