2575 4050
336 952 585 1012 Fabulis
632 950 1002 1012 Terentianis
1029 957 1331 1028 praemisi
1365 959 1543 1017 vitam
1577 961 1790 1032 poetae
1832 974 1871 1017 a
1911 958 1971 1018 0.
2024 957 2179 1019 Sue·

170 1055 323 1112 ionio
385 1053 811 1125 conscriptam,
873 1050 1030 1111 Aelii
1077 1052 1301 1114 Donati
1351 1072 1539 1131 opera
1593 1055 1769 1117 hodie
1817 1060 2181 1131 superstitem
2253 1071 2258 1078 ·

117 1225 126 1231 ῃ
169 1156 224 1209 et
258 1148 667 1207 additamento
707 1153 961 1206 auctam.
1007 1151 1069 1207 in
1111 1166 1230 1224 qua
1270 1153 1650 1214 emendanda
1673 1159 1923 1230 praeter
1958 1155 2030 1212 F.
2057 1153 2176 1214 Ou-

171 1247 490 1321 dendorpii
539 1254 595 1305 et
635 1246 706 1304 F.
741 1244 812 1303 A.
863 1247 1059 1317 Wolfii
1106 1263 1288 1308 curas
1343 1265 1461 1309 non
1516 1253 1643 1310 sine
1685 1250 1898 1323 fructu
1939 1251 2183 1310 adhibui

26 1352 33 1377 Τ
130 1420 135 1423 .
170 1347 395 1419 aliquot
443 1345 724 1404 editiones
778 1349 999 1404 veteres
1012 1389 1026 1417 ‚
1084 1361 1339 1418 quarum
1378 1348 1722 1408 bibliotheca
1774 1351 1945 1423 regia
1989 1348 2182 1408 Dres-

171 1444 368 1503 densis
409 1443 555 1502 mihi
584 1445 816 1517 copiam
849 1442 1003 1515 fecit
1016 1462 1035 1500 .·
1076 1443 1300 1503 Donati
1336 1447 1453 1503 loci
1491 1451 1549 1504 et
1589 1447 1739 1504 anni
1776 1451 1919 1508 nom
1963 1461 2179 1506 varen·-

169 1546 278 1598 tem
347 1540 828 1613 (Mentelianam‚
898 1540 974 1599 de
1008 1557 1157 1615 ‚qua
1223 1539 1310 1611 cf.
1358 1540 1567 1601 Eberti
1632 1545 1751 1601 lex.
1813 1541 2081 1615 biblioqr.
2134 1558 2181 1599 s.

168 1654 223 1695 n.
266 1635 488 1710 6333),
561 1636 819 1697 Terentii
866 1638 1114 1698 Venetas
1176 1654 1472 1698 annorum
1524 1639 1896 1698 MCCCCLX
1898 1638 1967 1697 X
1974 1637 2181 1711 VIIII,

168 1733 700 1807 MCCCCLXXX‚
741 1734 1344 1809 MCCCCLXXXH,
1389 1752 1645 1811 quarum
1676 1752 2019 1798 consensum
2050 1738 2180 1809 siq-

167 1834 312 1890 navi
349 1834 549 1892 littera
592 1850 641 1890 ε.
685 1832 858 1905 infra
885 1835 1069 1907 posui
1105 1849 1202 1892 eos
1241 1836 1397 1894 locos
1418 1835 1522 1895 ubi
1556 1836 1632 1894 ab
1672 1835 2012 1909 exemplari
2056 1831 2182 1893 Ou—

170 1929 583 2005 dendorpiano
621 1932 843 1991 recessi
877 1935 938 1991 et
971 1931 1098 1990 alia
1141 1932 1440 2006 quaedam
1473 1933 1672 1992 adieci
1710 1947 1863 2006 quae
1905 1930 1993 1989 ad
2023 1936 2183 1989 reete

167 2028 558 2087 iudicandum
602 2028 678 2088 de
715 2028 893 2087 huius
931 2029 1086 2089 vitae
1126 2027 1319 2090 verbis
1347 2033 1653 2105 pertinere
1695 2032 2055 2090 viderentur.

335 2126 404 2184 P.
439 2123 475 2183 3
507 2141 558 2183 v.
590 2124 627 2183 2
671 2120 747 2183 P.
778 2119 1087 2185 Terentio
1118 2120 1386 2187 Lucano
1442 2144 1524 2187 ex
1569 2114 1998 2200 ‘manuscripto
2021 2129 2037 2157 '
2067 2124 2181 2182 Pi-

163 2226 340 2297 ,qlzius
384 2241 524 2283 ann.
562 2224 642 2284 ΙΙ
666 2242 735 2300 p.
775 2224 898 2283 347
914 2271 929 2300 ,
977 2225 1294 2300 probatum
1336 2226 1569 2286 Osanno
1611 2228 1778 2286 anal.
1820 2228 1952 2286 crit.
1976 2241 2048 2299 p.
2081 2221 2179 2300 21,

168 2324 275 2383 sed
329 2341 382 2382 v.
444 2322 550 2382 Th.
597 2322 950 2383 Mommseni
1011 2325 1143 2384 hist.
1199 2324 1370 2385 Rom.
1423 2325 1468 2385 Ι
1517 2342 1583 2400 p.
1639 2323 1755 2385 861
1811 2324 1904 2383 ed.
1962 2325 2067 2382 alt.
2117 2324 2181 2380 in

170 2421 311 2480 adn.
514 2421 561 2479 <7
617 2416 858 2480 adduci
911 2417 1184 2482 Romam
1236 2418 1461 2504 ibique
1514 2420 1782 2483 uaenire
1835 2423 2055 2497 scripsi
2102 2438 2182 2480 ex

170 2518 571 2578 mendatione
607 2509 895 2580 Dudmn‘ci
930 2517 1249 2596 Schapeni‚
1308 2525 1415 2596 qui
1462 2523 1609 2597 quid
1659 2524 1786 2597 ipse
1837 2524 1912 2583 de
1960 2523 2182 2595 aliquot

167 2615 341 2674 huius
382 2617 535 2675 vitae
575 2619 721 2676 locis
759 2620 1000 2677 sentiret
1034 2622 1393 2693 peremniter
1419 2620 1568 2679 mihi
1585 2636 1703 2695 per
1731 2623 1959 2679 litteras
1985 2620 2179 2692 sioni-

161 2716 387 2787 ficavit‚
432 2714 521 2773 ad
558 2715 718 2774 hunc
754 2718 943 2775 locum
985 2716 1077 2775 his
1110 2715 1334 2776 additis
1368 2703 1488 2777 ‘Ita
1519 2719 1641 2791 leqi
1669 2717 1907 2789 suadet,
1954 2721 2022 2775 ut
2054 2718 2180 2774 alia

168 2828 422 2885 taceam,
465 2815 657 2887 ipsum
694 2813 931 2873 verbum
975 2812 1379 2896 commercio.
1456 2810 1696 2874 adduci
1736 2816 1811 2873 cle
1851 2816 2033 2873 servis
2073 2830 2178 2872 ve—

167 2910 399 2969 nalibus
441 2910 617 2969 habet
661 2910 864 2971 Cicero
898 2928 1016 2987 pro
1057 2912 1326 2983 Quinctio
1365 2912 1433 2990 6,
1479 2910 1559 2971 24
1614 2917 1672 2972 et
1709 2912 1977 2972 Donatus
2003 2913 2178 2971 etiam

166 3011 228 3068 in
260 3008 473 3083 praes.
513 3009 845 3069 Eunuchi)
928 3007 1011 3069 ad
1070 3007 1301 3070 ducem
1345 3006 1709 3069 Romanum
1760 3007 2105 3091 peruenire
2148 3027 2179 3068 ε

174 3105 316 3165 Oud.
342 3101 429 3166 ad
456 3101 789 3167 dominum
812 3105 998 3168 Rom.
1027 3106 1373 3188 peruenire
1410 3109 1467 3169 I.
1490 3110 1562 3166 F.
1594 3109 1916 3168 Gronovius
2066 3124 2177 3188 po-

170 3202 371 3265 tuisse
428 3223 460 3264 ε
513 3209 666 3278 (scil.
722 3201 1095 3266 Fenestella
1149 3203 1383 3278 docet).
1465 3202 1785 3287 potuisset
1841 3203 1987 3265 Oud.

176 3300 247 3358 15
291 3296 522 3362 laudes
568 3297 828 3364 fucosae
875 3305 1131 3376 Wolfius.
1204 3298 1467 3363 fucosa-s
1510 3296 1738 3361 laudes
1783 3318 1815 3359 ε
1861 3300 2009 3359 Oud.

178 3407 246 3463 17
296 3416 364 3458 se
405 3395 492 3458 ad.
531 3392 807 3460 Furium
851 3393 1124 3460 coenare
1159 3402 1416 3473 Wolfius.
1491 3396 1577 3459 ad
1609 3394 1881 3459 Furium
1924 3414 1994 3457 se
2038 3412 2177 3455 eoe-

169 3493 375 3555 nitare
424 3512 456 3553 ε
503 3495 653 3556 Oud.
827 3494 904 3557 18
947 3515 1033 3572 sq.
1075 3509 1139 3558 ul
1178 3498 1325 3557 dedi
1347 3499 1601 3559 restituit
1627 3495 1983 3557 Riischeiius
2011 3509 2173 3571 ραν-
2278 3539 2280 3541 .

168 3609 346 3665 eroon
384 3592 579 3652 Plaut.
612 3594 658 3652 I
670 3610 737 3669 p.
771 3592 891 3655 638
906 3639 926 3673 ,
972 3598 1079 3670 qui
1117 3599 1396 3656 lacunam
1437 3597 1522 3654 ita
1557 3593 1696 3665 fere
1739 3594 1977 3669 expleri
2006 3605 2177 3666 posse
