2575 4050
376 279 550 327 XVIII
1156 283 1263 326 ms
1271 282 1635 326 ORBPAN'HA

375 433 519 507 hoc,
577 432 806 493 alterae
979 440 1081 496 276
1136 432 1335 511 aperit
1503 438 1604 495 277
1660 432 1814 490 intro
1868 432 2116 491 coniicit
2286 441 2396 496 282

377 526 503 577 tum
560 535 658 575 res
718 514 886 575 dedit
1055 524 1158 579 289
1212 534 1346 575 esse
1391 512 1749 594 expolitam]
1793 515 2220 594 intapolatam
2427 518 2434 523 ’

376 606 612 659 lacunae
649 604 862 674 siynum
906 603 1054 658 deest
1221 607 1326 663 290
1383 596 1656 677 Capsslus
1702 617 1947 674 sparsus
1963 644 1978 672 ,
2034 599 2389 678 promissus,

378 685 601 745 circum
636 691 818 760 caput
984 692 1087 747 299
1118 680 1270 741 Cum
1311 683 1436 743 tem
1463 682 1803 759 neclegitur
1841 683 1969 741 eius
2009 684 2390 743 internuntia

544 776 649 829 300
671 766 886 826 iisdem
903 810 919 839 ,
949 766 1323 825 munerarier
1493 773 1593 829 307
1625 765 1785 824 scias
1953 765 2084 824 fieri
2113 773 2217 824 tuo

376 860 480 914 314
499 869 784 927 magnum
808 858 870 909 et
907 849 1427 909 commemorabile
1597 855 1698 912 317
1722 848 1833 907 illa
1999 850 2051 909 si
2073 850 2221 908 sinis
2249 848 2388 909 dico

543 942 642 997 327
689 934 1000 993 consilium
1054 934 1170 992 hoc
1226 932 1389 1011 quod
1558 941 1659 996 331
1713 931 1838 1001 alid
2007 932 2116 991 fiet
2284 942 2389 997 335

376 1016 713 1077 deducetur
883 1026 988 1080 338
1029 1017 1081 1076 si
1118 1018 1233 1075 iste
1273 1025 1367 1075 est
1418 1025 1643 1088 metus,
1699 1015 1863 1095 quod
1916 1015 2090 1075 ambo
2138 1016 2386 1075 confite-

378 1101 564 1160 amini
731 1110 832 1164 345
877 1078 1207 1178 datursDi
1241 1099 1390 1160 dant
1557 1108 1661 1164 352
1691 1099 1862 1159 inlex
2032 1108 2134 1162 359
2163 1119 2262 1158 res
2290 1119 2386 1158 re-

375 1183 491 1243 diit
528 1186 650 1243 iam
816 1192 920 1246 360
954 1203 1272 1243 necessum
1440 1192 1542 1248 365
1582 1202 1725 1242 nam
1765 1182 2051 1244 miserum
2082 1182 2389 1262 quendam

377 1266 605 1327 offendi
626 1266 713 1326 ibi
740 1266 989 1326 militem
1157 1275 1262 1331 374
1291 1275 1549 1327 tutemet
1715 1274 1818 1330 379
1844 1266 2111 1326 salutare
2283 1276 2389 1331 380

378 1384 413 1423 o
454 1363 757 1422 hominem
928 1373 1031 1428 382
1068 1364 1150 1425 Id
1194 1385 1329 1425 cum
1371 1364 1684 1435 studuisti,
1738 1365 1841 1423 isti
1883 1365 2112 1425 formae
2282 1373 2389 1428 388

377 1445 555 1508 bonis
722 1457 826 1511 390
854 1449 1148 1508 inmutata
1173 1458 1266 1509 est
1434 1459 1533 1513 391
1572 1449 1711 1509 Nisi
1738 1457 2120 1527 prospectum
2148 1449 2389 1509 interea

380 1550 416 1589 a
444 1530 617 1590 nobis
650 1532 744 1590 est
908 1540 1012 1594 402
1042 1532 1202 1603 uidi,
1241 1541 1450 1610 partes
1481 1532 1587 1592 diu
1615 1533 1798 1591 etiam
1827 1531 2006 1592 duras
2050 1531 2219 1591 dabit

375 1623 478 1677 405
525 1612 637 1673 Cn.
682 1634 788 1674 om.
961 1615 1141 1694 quem
1195 1615 1417 1674 uides?
1474 1613 1582 1674 Cr..
1633 1616 1807 1674 salue
1864 1617 2062 1676 anime
2109 1618 2210 1675 mi.

376 1705 480 1760 406
522 1696 648 1757 An.
695 1697 748 1758 O
791 1699 873 1756 mi
932 1699 1288 1777 exspectate
1334 1696 1568 1773 Clima,
1624 1698 1818 1758 salue.
1877 1697 1985 1758 Cn.
2043 1700 2112 1760 ut
2162 1698 2385 1758 ueles‘?

545 1788 647 1843 407
697 1779 1020 1840 aduenisse
1187 1790 1288 1844 411
1343 1782 1600 1860 primum
1765 1791 1871 1844 420
1910 1782 2215 1843 miseriam

362 1873 481 1929 ,429
522 1863 599 1922 de
630 1866 813 1941 gnato
859 1884 993 1924 meo
1033 1863 1285 1938 audistI,
1329 1864 1634 1925 Chreme?
1803 1875 1909 1929 430
1947 1874 2094 1944 aput
2133 1886 2232 1926 me
2279 1865 2384 1925 hic

379 1947 539 2007 domi
705 1956 810 2011 436
868 1946 1127 2007 Chreme
1308 1957 1413 2011 440
1462 1958 1779 2029 utramque
1831 1950 1897 2008 in
2061 1957 2166 2013 464
2218 1949 2386 2029 quod

376 2032 546 2091 lubet
711 2040 812 2094 471
854 2032 1125 2092 Technis
1293 2041 1393 2096 481
1428 2032 1733 2111 Quantam
1776 2035 1855 2093 efi
1882 2034 2212 2093 fenestram

375 2123 481 2178 484
510 2133 595 2188 sq.
642 2113 1110 2197 [Quodcumque
1148 2115 1432 2176 inciderit
1482 2118 1548 2177 in
1588 2125 1882 2189 mentem,
1936 2117 2132 2177 uolett
2177 2136 2384 2198 neque

376 2198 441 2256 id
477 2194 488 2277 Ι
524 2197 776 2259 Putabit
814 2220 1064 2277 prauom
1118 2219 1197 2258 an
1249 2211 1481 2263 rectum
1526 2203 1634 2277 sit,
1687 2201 1851 2282 quod
1889 2199 2106 2280 petet]
2277 2210 2386 2266 489

374 2282 748 2342 minitabitur
915 2292 1018 2348 490
1039 2303 1250 2343 uerum
1417 2294 1522 2349 493
1544 2305 1647 2345 oro
1683 2286 1848 2344 idem
1998 2282 2258 2345 Chreme

375 2373 480 2428 498
518 2365 779 2425 Paulum
828 2366 945 2425 hoc
995 2367 1206 2444 negoti
1374 2378 1479 2430 500
1531 2387 1604 2426 ac
1654 2373 1772 2426 sine
1798 2372 1956 2425 uncis
2124 2378 2226 2430 511
2268 2388 2384 2428 nos

375 2449 535 2506 inter
591 2468 701 2507 nos
757 2449 1097 2509 consentire
1276 2460 1379 2511 515
1434 2449 1554 2508 Ille
1611 2448 1836 2509 Cliniai
1889 2450 2096 2509 seruos
2277 2460 2385 2514 518

379 2529 636 2590 Chreme
804 2540 906 2594 521
963 2530 1274 2591 commoda
1317 2539 1377 2590 et
1542 2541 1645 2594 522
1691 2530 1803 2591 Cn.
1851 2531 1998 2591 sane
2039 2531 2201 2593 idem
2243 2535 2384 2594 uisa

379 2614 472 2672 est
520 2615 685 2675 mihi.
867 2624 974 2677 523
1022 2615 1135 2675 ΒΥ.
1189 2613 1276 2673 Et
1330 2612 1576 2694 quidem
1637 2614 1844 2675 hercle
1901 2615 2095 2675 forma
2275 2626 2381 2681 527

374 2698 578 2757 nostin
746 2698 978 2757 diuitiis
1147 2705 1250 2758 540
1270 2697 1434 2756 Huic
1462 2698 1584 2757 iam
1612 2699 1937 2759 mansisset
2102 2708 2207 2762 544
2226 2700 2378 2760 Abi-

377 2789 485 2859 gat
651 2791 754 2846 556
800 2779 1058 2841 Chreme
1226 2789 1332 2844 558
1373 2780 1536 2859 quod
1701 2791 1806 2847 573
1844 2782 2126 2862 prohibet
2172 2784 2382 2844 facere

543 2871 648 2928 574
686 2867 785 2926 De
828 2884 924 2925 me
968 2883 1081 2941 ego
1124 2863 1282 2923 facio
1454 2869 1560 2929 578
1601 2875 1783 2946 atque
1837 2876 2190 2947 utcumque,
2246 2867 2383 2927 ubi·

380 2965 635 3026 cumque
660 2968 810 3028 opus
836 2957 930 3008 est
1095 2954 1198 3011 579
1221 2948 1360 3006 istic
1525 2959 1632 3015 583
1655 2952 1875 3012 Nonne
1919 2948 2209 3012 accedam
2280 2992 2302 3012 .

378 3041 480 3094 585
527 3029 784 3092 Chreme
953 3039 1056 3095 586
1095 3030 1269 3095 lubet
1434 3042 1537 3098 589
1581 3036 1685 3114 qui
1726 3036 1906 3093 istinc
1946 3053 2042 3093 me
2088 3032 2380 3094 extr-udas

545 3123 648 3178 590
673 3115 777 3194 pol
803 3135 910 3174 om.
1078 3124 1179 3178 591
1212 3113 1468 3175 Chreme
1637 3126 1743 3181 593
1778 3119 1880 3177 hic
1917 3115 2055 3194 tibi]
2099 3117 2209 3175 tibi
2239 3117 2381 3177 istic

545 3207 650 3261 600
688 3200 962 3284 inceptet
1125 3207 1228 3262 601
1267 3197 1418 3276 11103
1458 3198 1601 3259 huic
1642 3199 2102 3260 drachumarum
2139 3202 2382 3277 argenti

377 3281 534 3341 haec
700 3291 805 3345 604
857 3302 990 3342 eam
1044 3301 1202 3363 quae
1370 3292 1473 3347 605
1524 3291 1593 3343 ut
1633 3283 1698 3343 id
1863 3282 1972 3342 illa
2012 3281 2107 3341 illi
2274 3291 2381 3346 606

377 3365 528 3427 Post
570 3363 775 3425 datum
827 3366 901 3425 iri
950 3367 1116 3426 mssle
1159 3386 1401 3426 numum
1442 3367 1622 3446 praes
1667 3368 1765 3427 sit.
1814 3364 1928 3426 Cn.
1974 3373 2037 3424 et
2074 3385 2256 3444 praes
2299 3368 2382 3426 sit

380 3447 670 3526 quidem?
700 3451 810 3512 ΒΥ.
837 3451 962 3526 hui,
1132 3452 1455 3515 609inesse
1498 3451 1562 3509 in
1605 3448 1705 3527 ea]
1753 3469 1887 3510 esse
1921 3451 1986 3510 in
2030 3469 2106 3510 ea
2138 3469 2208 3509 re
2564 3433 2567 3564 j

379 3540 478 3594 611
523 3533 633 3594 ΒΥ.
681 3535 829 3615 quid
885 3534 1020 3595 ais?
1065 3542 1272 3615 optata
1442 3542 1545 3598 612
1586 3534 1730 3595 Non
1773 3542 1865 3594 est
1908 3532 2103 3614 opus?
2271 3541 2379 3596 620
