2575 4050
497 981 735 1049 Mum
790 978 1001 1047 uvlvs
1056 976 1369 1045 FABVLAE
1422 976 1597 1044 nuc
1652 973 1825 1046 svm*

217 1137 278 1189 V.
398 1138 423 1187 1
454 1136 520 1186 ad
548 1135 648 1186 154
676 1134 878 1184 iambici
908 1132 1097 1184 senarii

233 1244 256 1258 -
331 1218 430 1269 155
457 1218 523 1268 ad
551 1217 651 1268 157
681 1214 920 1267 trochaici
950 1211 1191 1265 octonarii

230 1327 258 1338 -
332 1300 433 1353 158
465 1298 748 1350 trochaicus
784 1298 996 1348 dimeter
1031 1293 1345 1346 catalecticus

231 1412 257 1425 ·
333 1384 434 1437 159
466 1384 706 1435 iambicus
744 1382 1030 1433 octonarius

233 1498 259 1508 ·-
335 1469 435 1521 160
470 1476 519 1518 et
556 1468 655 1520 162
689 1467 931 1519 trochaici
967 1465 1208 1517 octonarii

131 1581 144 1592 -
232 1580 260 1588 -
332 1552 429 1604 161
468 1551 566 1604 163
604 1551 705 1603 164
740 1550 977 1601 trochaici
1015 1548 1286 1614 septenarii

234 1665 260 1674 -
334 1636 433 1688 165
467 1635 751 1687 trochaicus
788 1633 1076 1686 octonarius

233 1744 258 1755 —
336 1717 434 1769 166
472 1718 538 1768 ad
575 1717 673 1770 169
706 1716 946 1768 trochaici
983 1714 1256 1781 septenarii

235 1829 260 1841 ο
334 1801 435 1852 170
463 1802 529 1852 ad
554 1801 652 1853 196
688 1801 889 1852 iambici
926 1799 1167 1851 octonarii

236 1910 259 1920 -
334 1883 433 1936 197
470 1884 536 1934 ad
567 1882 670 1934 208
703 1881 944 1933 trochaici
979 1880 1251 1946 septenarii

234 1993 258 2004 -
332 1965 435 2018 209
469 1966 712 2017 iambicus
749 1964 1062 2030 septenarius

234 2077 259 2087 -
333 2048 434 2100 210
469 2050 536 2100 ad
571 2049 674 2099 227
709 2047 911 2098 iambici
949 2045 1191 2097 octonarii

234 2158 262 2169 -
332 2132 435 2182 228
460 2132 526 2182 ad
551 2131 652 2183 253
687 2131 888 2181 iambici
922 2129 1109 2181 senarii

237 2240 263 2249 -
333 2213 437 2264 254
474 2215 540 2265 ad
575 2213 677 2265 287
713 2213 915 2263 iambici
947 2210 1191 2262 octonarii

236 2324 262 2335 -
330 2296 432 2348 288
467 2295 748 2347 trochaicus
781 2294 1101 2361 septenarius

234 2403 262 2414 -
333 2376 438 2429 289
473 2377 539 2427 ad
574 2376 673 2429 291
714 2376 913 2427 iambici
949 2374 1190 2426 octonarii

238 2487 262 2497 -
332 2460 433 2512 292
468 2467 516 2510 et
553 2460 655 2512 293
691 2459 930 2511 trochaici
964 2457 1238 2524 septenarii

237 2569 264 2581 -
330 2542 436 2595 294
468 2542 711 2593 iambicus
748 2542 1034 2592 octonarius

237 2650 263 2662 -
332 2623 434 2675 295
471 2624 537 2674 ad
571 2623 675 2676 298
707 2622 947 2675 trochaici
981 2622 1257 2689 septenarii

238 2730 263 2743 -
332 2704 436 2757 299
469 2706 542 2756 ad-
569 2704 671 2757 302
705 2705 908 2756 iambici
941 2705 1185 2756 octonarii

237 2810 263 2824 —
333 2786 434 2839 303
471 2795 518 2837 et
555 2787 659 2839 304
692 2787 932 2838 trochaici
967 2785 1237 2852 septenarii

237 2896 265 2908 -
335 2870 436 2922 305
472 2871 538 2921 ad
572 2870 675 2923 316
709 2870 909 2920 iambici
944 2869 1184 2919 octonarii

156 2949 176 2956 ”
234 2980 263 2992 -
331 2952 432 3004 317
468 2952 712 3003 iambicus
749 2952 1100 3016 quaternarius

236 3062 264 3075 ·
332 3036 436 3089 318
471 3043 520 3086 et
553 3035 656 3088 319
688 3035 930 3086 trochaici
964 3034 1238 3100 septenarii

237 3149 263 3161 -
333 3120 435 3174 320
468 3121 713 3171 iambicus
749 3120 1036 3171 octonarius

237 3232 262 3245 ·
332 3205 430 3258 321
468 3206 535 3256 ad
571 3205 675 3258 329
706 3203 945 3255 trochaici
981 3203 1253 3269 septenarii

236 3313 263 3325 -
331 3286 434 3339 330
469 3295 518 3337 et
554 3286 656 3340 331
692 3286 891 3337 iambici
927 3283 1170 3336 octonarii

236 3395 264 3409 ·
332 3369 434 3422 332
470 3377 518 3420 et
552 3369 653 3422 333
686 3368 928 3421 trochaici
963 3366 1232 3434 septenarii

236 3479 264 3492 ·
333 3451 438 3504 334
469 3452 535 3502 ad
572 3451 677 3504 354
711 3451 911 3502 iambici
946 3449 1188 3503 octonarii

240 3562 266 3578 -
332 3535 434 3588 355
471 3537 537 3587 ad
571 3536 674 3589 516
708 3536 909 3586 iambici
944 3534 1130 3586 senarii

254 3608 580 3664 TannnerS.
1685 3597 1767 3657 22
