2575 4050
789 883 1028 952 imm
1063 881 1275 952 uvws
1311 884 1623 954 1¹me
1662 884 1837 955 msc
1877 887 2048 956 svm·

410 1085 471 1134 V.
574 1084 601 1133 1
639 1084 706 1133 ad
738 1084 839 1133 174
874 1082 1080 1133 iambici
1118 1084 1308 1134 senarii

439 1190 463 1199 ·
501 1166 600 1216 175
634 1174 683 1216 et
721 1164 820 1216 177
858 1165 1066 1216 iambici
1102 1167 1348 1216 octonarii

438 1279 463 1290 -
504 1249 601 1301 176
637 1249 883 1299 iambicus
920 1251 1272 1312 quaternarius

439 1363 463 1374 -
504 1332 605 1384 178
639 1341 689 1383 et
719 1333 820 1384 179
855 1333 1099 1383 trochaici
1132 1334 1413 1398 septenarii

438 1446 462 1455 -
501 1415 601 1467 180
638 1415 705 1465 ad
737 1414 835 1467 195
868 1416 1076 1466 iambici
1107 1418 1353 1466 octonarii

441 1530 465 1539 -
505 1499 605 1551 196
640 1499 706 1549 ad
743 1498 843 1550 198
877 1499 1082 1549 iambici
1118 1500 1309 1550 senarii

440 1613 465 1624 -
505 1581 603 1635 199
639 1582 707 1633 ad
734 1582 838 1633 214
868 1582 1077 1632 iambici
1111 1583 1357 1632 octonarii

440 1696 464 1706 -
499 1666 603 1718 215
640 1665 707 1716 ad
743 1664 846 1715 226
882 1664 1088 1713 iambici
1122 1666 1312 1715 senarii

438 1777 463 1787 -
501 1748 602 1797 227
639 1746 886 1796 iambicus
918 1747 1205 1795 octonarius

438 1859 464 1870 -
499 1829 601 1880 228
634 1827 701 1878 ad
727 1826 829 1879 233
858 1827 1103 1878 trochaici
1131 1830 1408 1894 septenarii

440 1942 464 1952 -
501 1911 603 1963 234
638 1911 706 1962 ad
739 1910 842 1962 239
874 1911 1079 1962 iambici
1111 1913 1356 1963 octonarii

440 2026 463 2036 -
500 1993 602 2046 240
631 2000 681 2045 et
718 1995 821 2046 244
856 1994 1062 2046 iambici
1099 1996 1409 2059 quaternarii

442 2110 465 2120 -
502 2080 601 2131 241
633 2088 682 2131 et
712 2081 815 2130 242
849 2078 1092 2131 trochaici
1118 2082 1396 2147 septenarii

441 2193 465 2202 -
500 2162 604 2214 243
640 2161 886 2230 iambicus
919 2163 1203 2212 octonarius

443 2278 466 2286 -
502 2247 604 2298 245
636 2253 685 2296 et
716 2247 818 2296 247
851 2246 1095 2296 trochaici
1128 2246 1368 2296 octonarii

442 2360 465 2370 -
502 2329 604 2380 246
640 2329 926 2380 trochaicus
963 2329 1178 2380 dimeter
1212 2329 1537 2380 catalecticus

440 2445 464 2454 -
498 2412 602 2465 248
635 2414 705 2463 ad
734 2414 831 2462 251
871 2412 1114 2463 trochaici
1145 2414 1421 2479 septenarii

437 2527 462 2537 -
499 2497 602 2547 252
638 2496 887 2546 iambicus
923 2497 1274 2558 quaternarius

439 2610 459 2618 -
500 2577 602 2629 253
631 2579 700 2628 ad
737 2578 838 2629 255
875 2577 1083 2629 iambici
1119 2579 1365 2629 octonarii

437 2693 452 2701 ·
498 2661 603 2713 256
638 2661 705 2711 ad
730 2661 833 2712 260
865 2659 1109 2710 trochaici
1144 2661 1421 2726 septenarii

442 2773 465 2783 -
503 2743 600 2795 261
635 2744 701 2793 ad
732 2742 834 2794 269
871 2744 1078 2794 iambici
1113 2744 1359 2795 octonarii

441 2855 465 2867 -
501 2826 603 2877 270
631 2826 698 2876 ad
732 2825 834 2877 298
860 2826 1066 2876 iambici
1096 2828 1285 2878 senarii

442 2940 465 2949 -
502 2908 603 2961 299
636 2917 685 2960 et
721 2909 822 2961 300
857 2909 1063 2960 iambici
1095 2911 1375 2977 septenarii

441 3021 465 3031 -
500 2991 598 3043 301
639 3000 688 3043 et
718 2992 820 3043 305
852 3000 901 3042 et
932 2991 1033 3043 307
1066 2993 1312 3044 trochaici
1348 2993 1592 3044 octonarii

438 3103 462 3114 -
499 3073 600 3125 302
640 3080 691 3123 et
721 3072 824 3125 306
854 3081 902 3123 et
930 3072 1034 3126 308
1061 3076 1305 3127 trochaici
1333 3075 1608 3142 septenarii

439 3184 462 3195 -
499 3155 600 3207 303
631 3162 680 3207 et
707 3155 813 3209 304
849 3156 951 3208 309
984 3158 1052 3208 ad
1083 3156 1185 3209 316
1219 3159 1424 3209 iambici
1461 3158 1704 3209 octonarii

437 3268 460 3275 —
499 3238 600 3288 317
631 3239 916 3289 trochaicus
956 3242 1270 3306 septenarius

436 3349 461 3358 ·
495 3319 597 3371 318
627 3320 874 3370 iambicus
906 3322 1135 3372 senarius

437 3428 462 3437 -
499 3401 601 3454 319
630 3404 698 3454 ad
727 3403 830 3456 383
859 3404 1103 3455 trochaici
1135 3406 1414 3470 septenarii

439 3515 463 3524 —
501 3485 604 3537 384
639 3486 706 3536 ad
736 3485 839 3538 393
875 3486 1081 3537 iambici
1114 3488 1301 3537 senarii
