2575 4050
367 282 491 346 338

418 472 482 522 V.

525 470 630 522 517
666 469 946 522 trochaicus
982 477 1267 523 octonarius

433 581 459 593 -
526 553 629 607 518
662 553 945 604 trochaicus
982 555 1301 621 septenarius

433 667 459 679 -
527 639 630 692 519
667 640 734 690 ad
768 640 870 692 523
906 640 1107 691 iambici
1142 642 1388 695 octonarii

434 747 460 759 -
526 723 631 774 524
666 723 908 774 iambicus
945 726 1297 788 quaternarius

431 834 456 845 -
524 808 626 859 525
663 808 947 859 trochaicus
985 809 1273 859 octonarius

432 917 458 929 -
528 890 631 942 526
666 890 949 942 trochaicus
988 893 1305 958 septenarius

432 999 458 1010 -
527 973 630 1024 527
666 974 734 1024 ad
770 973 874 1026 539
907 975 1110 1025 iambici
1148 975 1394 1026 octonarii

434 1082 460 1093 -
528 1055 633 1107 540
671 1057 738 1107 ad
773 1057 874 1109 591
916 1056 1159 1108 trochaici
1194 1057 1472 1125 septenarii

433 1166 459 1177 -
528 1140 631 1192 592
670 1142 737 1192 ad
772 1140 875 1194 609
912 1143 1112 1193 iambici
1149 1144 1393 1194 octonarii

432 1248 453 1261 ·
527 1223 631 1274 610
664 1231 713 1273 et
744 1223 843 1275 611
881 1224 1122 1275 trochaici
1158 1226 1430 1292 septenarii

434 1330 460 1341 -
529 1304 629 1356 612
668 1312 717 1354 et
752 1305 855 1357 613
892 1321 1072 1357 versus
1111 1306 1434 1359 choriambici

434 1417 460 1426 -
528 1390 632 1442 614
670 1392 913 1441 iambicus
946 1393 1177 1443 senarius

433 1499 459 1509 -
526 1473 628 1525 615
663 1474 909 1525 iambicus
947 1477 1298 1538 quaternarius

432 1584 457 1595 -
526 1557 629 1610 616
664 1558 948 1610 trochaicus
982 1560 1195 1610 dimeter
1231 1561 1551 1615 catalecticus

432 1666 458 1676 -
525 1638 628 1690 617
666 1639 950 1692 trochaicus
992 1644 1278 1693 octonarius

432 1746 458 1758 ·
526 1719 630 1772 618
662 1721 946 1772 trochaicus
982 1725 1300 1788 septenarius

433 1833 458 1844 ·
527 1805 631 1858 619
663 1806 730 1856 ad
764 1806 870 1858 624
904 1806 1104 1856 iambici
1139 1810 1385 1859 octonarii

432 1916 458 1927 -
527 1888 629 1941 625
665 1890 733 1940 ad
763 1888 866 1941 637
900 1888 1136 1940 trochaici
1173 1893 1447 1957 septenarii

425 1999 460 2019 .-
529 1971 634 2026 638
669 1973 735 2024 ad
769 1970 895 2025 678*
909 1973 1109 2025 iambici
1143 1975 1332 2025 senarii

434 2085 459 2095 -
527 2057 631 2111 679
667 2058 733 2107 ad
768 2057 870 2109 706
903 2058 1144 2109 trochaici
1178 2060 1453 2126 septenarii

435 2166 460 2177 -·
531 2140 632 2192 707
668 2141 735 2191 ad
771 2142 870 2191 711
907 2141 1109 2191 iambici
1143 2141 1416 2208 septenarii

435 2252 458 2263 -
529 2226 630 2276 712
666 2225 909 2275 iambicus
945 2227 1230 2276 octonarius

437 2336 458 2348 ·
530 2309 631 2362 713
668 2310 735 2360 ad
770 2308 875 2360 854
911 2308 1111 2359 iambici
1146 2310 1337 2360 senarii

434 2422 460 2434 -
530 2395 631 2447 855
669 2395 736 2445 ad
768 2393 866 2445 881
900 2393 1141 2444 trochaici
1175 2395 1448 2461 septenarii

434 2508 459 2519 ·
527 2482 630 2532 882
669 2482 735 2532 ad
769 2480 873 2533 933
910 2480 1110 2531 iambici
1145 2480 1334 2531 senarii

433 2591 459 2603 ·
527 2563 633 2616 934
668 2563 734 2613 ad
767 2563 871 2615 955
905 2563 1105 2612 iambici
1140 2562 1382 2612 octonarii

434 2676 460 2689 ·
527 2640 632 2702 956
669 2657 718 2700 et
755 2649 859 2702 957
896 2648 1096 2699 iambici
1131 2648 1322 2698 senarii

432 2757 457 2771 ·
523 2733 627 2785 958
658 2734 901 2785 iambicus
936 2734 1221 2785 octonarius

528 2817 633 2869 959
667 2818 734 2867 ad
772 2816 874 2869 997
909 2816 1149 2868 trochaici
1184 2820 1480 2886 septenarii.

1172 3092 1573 3105 ῃ
