2575 4050
408 238 540 304 284

461 426 526 479 V.

575 426 679 478 547
716 427 785 477 ad
818 426 922 480 565
958 426 1200 478 trochaici
1236 427 1515 493 septenarii

480 535 506 548 —
576 510 681 563 566
716 511 783 561 ad
816 509 921 562 606
955 510 1158 560 iambici
1193 512 1438 561 octonarii
1470 543 1478 547 -

477 622 504 635 -
571 595 675 648 607
711 596 959 647 iambicus
998 595 1318 663 septenarius

572 680 677 733 608
714 681 959 732 iambicus
996 682 1286 732 octonarius

577 764 682 816 610
718 772 768 815 et
804 765 903 816 611
941 763 1183 815 trochaici
1220 763 1498 830 septenarii

479 875 506 887 -
554 848 678 900 -612
717 849 963 900 iambicus
995 850 1233 900 senarius

478 1209 506 1222 1
478 1126 506 1139 0
478 1044 506 1055 b
477 956 505 969 1

574 931 677 984 613
714 940 764 982 et
796 931 898 984 615
933 932 1176 983 trochaici
1213 934 1462 984 octonarii

575 1018 679 1070 614
713 1017 817 1069 616
853 1019 920 1068 ad
954 1017 1060 1070 620
1093 1016 1337 1068 trochaici
1371 1014 1646 1082 septenarii

574 1100 676 1152 621
715 1101 960 1151 iambicus
999 1100 1353 1165 quaternarius

574 1184 679 1236 622
715 1184 960 1234 iambicus
995 1184 1314 1250 septenarius

575 1265 679 1318 623
716 1267 783 1317 ad
822 1266 926 1318 726
962 1267 1166 1318 iambici
1204 1266 1394 1317 senarii

575 1349 680 1400 727
716 1350 783 1400 ad
819 1349 924 1403 730
959 1351 1159 1401 iambici
1195 1349 1444 1401 octonarii

577 1433 677 1486 731
713 1434 962 1486 iambicus
999 1435 1212 1486 dimeter
1245 1435 1563 1488 catalecticus

479 1542 506 1556 -
576 1516 680 1568 732
717 1519 784 1569 ad
822 1517 925 1570 742
962 1519 1165 1568 iambici
1201 1519 1480 1584 septenarii

482 1628 509 1640 -ν
582 1602 685 1654 743
724 1610 773 1653 et
811 1604 915 1654 744
944 1604 1153 1660 iambici
1188 1605 1434 1654 octonarii

479 1713 506 1727 ··
576 1688 678 1738 745
712 1689 957 1738 iambicus
990 1688 1310 1754 septenarius

481 1796 507 1808 -
579 1769 684 1820 746
722 1778 772 1820 et
806 1771 910 1820 747
944 1769 1186 1820 trochaici
1222 1772 1468 1821 octonarii

481 1880 508 1895 «-
580 1852 685 1905 748
722 1854 790 1904 ad
829 1853 931 1905 767
970 1854 1215 1905 trochaici
1249 1857 1524 1921 septenarii

480 1963 507 1975 ·-
577 1935 681 1989 768
716 1944 766 1988 et
800 1936 904 1989 769
940 1937 1181 1989 trochaici
1217 1939 1462 1989 octonarii

482 2050 508 2061 -
578 2021 682 2074 770
717 2024 785 2074 ad
820 2021 923 2074 798
959 2023 1161 2074 iambici
1197 2025 1472 2090 septenarii

481 2130 508 2144 ··
577 2105 682 2158 799
716 2107 783 2156 ad
816 2105 918 2157 815
956 2106 1198 2157 trochaici
1235 2107 1510 2173 septenarii

482 2214 509 2226 -
579 2187 684 2240 816
722 2188 790 2238 ad
825 2187 930 2240 840
967 2188 1171 2239 iambici
1206 2189 1485 2255 septenarii

482 2297 507 2308 ·
576 2270 678 2321 841
716 2270 1003 2321 trochaicus
1042 2272 1330 2322 octonarius

483 2379 510 2391 -
580 2351 684 2403 842
721 2353 787 2403 ad
822 2352 926 2405 846
962 2353 1201 2404 trochaici
1236 2355 1513 2420 septenarii

483 2461 509 2472 ·
579 2433 683 2485 847
720 2433 1005 2485 trochaicus
1045 2437 1332 2487 octonarius

579 2515 683 2567 848
721 2524 771 2567 et
803 2516 909 2568 849
945 2516 1185 2567 trochaici
1221 2518 1498 2584 septenarii

576 2597 682 2649 850
715 2596 1001 2649 trochaicus
1035 2599 1248 2650 dimeter
1283 2600 1602 2651 catalecticus

574 2681 675 2733 851
715 2689 767 2731 et
798 2680 902 2732 852
936 2681 1179 2732 trochaici
1215 2684 1493 2749 septenarii

576 2762 679 2817 853
714 2765 961 2815 iambicus
998 2765 1287 2816 octonarius

479 2876 506 2888 -
577 2849 683 2902 854
717 2852 783 2902 ad
819 2850 923 2903 858
962 2851 1163 2901 iambici
1197 2855 1389 2903 senarii

482 2962 508 2972 -
578 2934 682 2987 859
715 2937 783 2987 ad
820 2935 923 2987 868
960 2935 1160 2986 iambici
1195 2938 1438 2989 octonarii

581 3019 686 3074 869
722 3021 789 3071 ad
822 3020 926 3072 874
957 3020 1196 3073 trochaici
1231 3022 1505 3087 septenarii

579 3105 683 3157 875
718 3108 785 3158 ad
819 3107 922 3159 878
957 3105 1159 3158 iambici
1194 3105 1439 3155 octonarii

574 3189 682 3242 879
718 3197 766 3240 et
797 3190 903 3243 880
934 3190 1173 3242 trochaici
1210 3191 1500 3254 septenarii.
