2575 4050
372 318 416 376 4
1014 309 1229 371 VITA
1300 308 1759 372 TERENTII.

266 488 355 556 (2)
547 484 786 556 Scripsit
825 483 1153 541 comoedias
1190 500 1325 554 sex,
1360 502 1432 539 ex
1468 486 1669 557 quibus
1700 484 1940 555 primam
1960 483 2239 540 Andriam
2271 501 2404 541 cum

377 570 655 626 aedilibus
691 569 879 638 daret,
914 569 1104 624 iussus
1140 574 1268 623 ante
1294 568 1531 625 Caecilio
1567 569 1805 624 recitare
1840 566 1915 622 ad
1948 574 2243 623 cenantem
2271 585 2403 625 cum

377 656 658 723 uenisset,
696 654 877 711 dictus
901 658 988 709 est
1008 653 1224 708 initium
1248 654 1475 725 quidem
1511 654 1732 709 fabulae
1748 695 1764 721 ‚
1799 651 1952 723 quod
1974 657 2094 708 erat
2115 658 2406 725 contemp-

376 739 521 794 tiore
559 739 797 808 uestitu,
851 739 1116 795 subsellio
1166 738 1321 794 iuxta
1363 739 1627 793 lectulum
1672 735 1933 793 residens
1984 738 2227 809 legisse,
2269 743 2406 810 post

319 836 353 892 5
373 839 588 894 paucos
611 839 748 879 uero
772 837 975 878 uersus
999 822 1262 878 inuitatus
1284 829 1346 878 ut
1366 821 1723 878 adcumberet
1745 836 1985 876 cenasse
2010 837 2126 876 una
2140 864 2156 890 ‚
2188 821 2403 877 deinde

378 913 565 963 cetera
607 907 961 979 percurrisse
1008 923 1122 962 non
1166 907 1288 962 sine
1334 922 1539 979 magna
1587 904 1811 962 Caecilii
1855 905 2247 962 admiratione.
2330 907 2405 962 Et

375 991 524 1047 hanc
574 998 760 1048 autem
809 998 865 1046 et
916 990 1162 1063 quinque
1213 991 1461 1062 reliquas
1508 992 1815 1061 aequaliter
1857 990 2070 1061 populo
2114 991 2401 1062 probauit.

378 1075 647 1143 Quamuis
669 1075 960 1132 Volcatius
991 1075 1063 1129 de
1087 1075 1505 1131 enumeratione
1533 1075 1777 1131 omnium
1810 1074 1885 1129 ita
1908 1075 2145 1130 scribat:

461 1158 723 1216 Sumatur
748 1176 820 1215 ex
844 1159 936 1215 his
958 1158 1183 1232 Hecyra
1209 1163 1369 1214 sexta
1394 1157 1599 1215 fabula.

288 1251 356 1306 10
373 1242 679 1299 Eunuchus
716 1243 942 1315 quidem
971 1243 1060 1299 bis
1103 1281 1117 1297 .
1159 1282 1174 1298 .
1220 1251 1346 1299 acta
1379 1249 1468 1300 est
1490 1243 1799 1314 meruitque
1822 1242 2091 1313 pretium,
2127 1248 2400 1315 quantum

375 1328 529 1382 nulla
551 1332 716 1382 antea
740 1328 1069 1398 cuiusquam
1092 1327 1388 1383 comoedia
1406 1372 1420 1397 ‚
1455 1327 1719 1384 uidelicet
1752 1333 1877 1382 octo
1900 1327 2053 1381 milia
2076 1342 2398 1384 nummum:

374 1416 676 1483 propterea
713 1427 932 1468 summa
970 1428 1192 1483 quoque
1228 1412 1384 1468 titulo
1422 1412 1737 1468 ascribitur.
1825 1411 1970 1466 Nam
2004 1411 2400 1484 Adelphorum

373 1496 712 1567 prinprium
738 1497 923 1551 Varro
948 1498 1116 1551 etiam
1137 1498 1386 1568 praefert
1406 1497 1683 1567 principio
1706 1495 2021 1550 Menandri.

543 1581 669 1636 Non
704 1583 947 1637 obscura
972 1582 1121 1635 fama
1145 1586 1232 1636 est
1254 1580 1507 1636 adiutum
1526 1579 1883 1634 Terentium
1869 1596 1928 1635 ιη
1951 1580 2173 1651 scriptis
2199 1596 2233 1636 a
2257 1581 2401 1636 Lae-

289 1673 355 1727 15
379 1665 453 1720 lio
491 1668 545 1719 et
578 1663 881 1735 Scipione3
918 1678 1150 1758 eamque
1190 1665 1315 1734 ipse
1339 1665 1523 1721 auxit:
1564 1679 1869 1734 numquam
1892 1665 2042 1720 enim
2065 1664 2179 1758 nisi
2197 1665 2402 1720 leuiter

379 1765 441 1804 se
466 1748 628 1803 tutari
654 1754 916 1815 conatur,
941 1747 1035 1802 ut
1020 1763 1078 1801 ιη
1096 1749 1335 1819 prologo
1360 1747 1779 1818 Adelphorum:

459 1832 603 1887 Nam
626 1831 779 1902 quod
802 1831 893 1886 isti
918 1830 1109 1886 dicunt
1129 1828 1407 1900 maliuoli,
1432 1830 1689 1887 homines
1713 1830 1916 1888 nobilis

458 1915 620 1970 Hunc
647 1913 899 1971 adiutare
924 1912 1276 1986 adsidueque
1300 1931 1414 1971 una
1440 1913 1718 1972 scribere:

462 1998 626 2068 Quod
652 1996 731 2055 illi
753 1998 1110 2055 maledictum
1137 1998 1371 2056 uemens
1394 2014 1514 2056 esse
1535 1997 1886 2072 existumant,

284 2095 355 2147 20
460 2083 604 2139 Eam
630 2085 857 2141 laudem
878 2083 972 2139 hic
997 2084 1151 2140 ducit
1170 2082 1491 2140 maxumam
1507 2129 1522 2154 ,
1562 2102 1730 2157 quom
1753 2082 1863 2143 illis
1884 2086 2087 2157 placet,

462 2168 567 2236 Qui
593 2169 755 2226 uobis
778 2169 1065 2225 uniuorsis
1090 2174 1144 2225 et
1163 2170 1373 2241 populo
1397 2172 1648 2242 placent:

461 2252 709 2320 Quorum
733 2253 908 2324 opera
928 2256 985 2309 in
1006 2255 1151 2310 bello
1168 2297 1182 2322 ,
1210 2255 1267 2308 in
1292 2254 1403 2310 otio
1420 2297 1434 2322 ‚
1471 2256 1528 2308 in
1552 2255 1778 2327 negotio

461 2335 576 2392 Suo
603 2334 838 2409 quisque
864 2343 1112 2409 tempore
1140 2339 1302 2394 usust
1326 2340 1447 2394 sine
1472 2338 1756 2408 superbia.

375 2419 613 2476 Videtur
646 2427 832 2477 autem
867 2438 930 2476 se
964 2422 1147 2477 leuius
1187 2421 1546 2488 defendisse,
1586 2421 1717 2491 quia
1742 2420 1956 2475 sciebat
1977 2419 2168 2474 Laelio
2194 2427 2250 2474 et
2275 2418 2395 2477 Sci·

284 2512 352 2566 25
373 2506 530 2576 pioni
565 2521 677 2559 non
714 2506 988 2576 ingratam
1013 2520 1140 2560 esse
1173 2503 1321 2559 hanc
1353 2505 1701 2575 opinionem:
1752 2519 1895 2573 quae
1920 2508 2108 2558 tamen
2130 2505 2317 2576 magis
2343 2512 2400 2560 et

265 2594 351 2662 (3)
377 2605 556 2659 usque
592 2589 669 2644 ad
700 2589 1014 2660 posteriora
1048 2593 1301 2658 tempora
1335 2588 1530 2643 ualuit.
1612 2586 1672 2643 C.
1709 2587 2008 2642 Memmius
2045 2588 2103 2642 in
2138 2589 2395 2645 oratione

374 2690 477 2746 pro
503 2688 565 2728 se
590 2674 667 2728 ait
690 2675 777 2728 (Ρ.
800 2672 1123 2739 AfricanuS,
1150 2672 1244 2743 qui
1268 2688 1303 2727 a
1327 2672 1586 2728 Terentio
1609 2688 1914 2743 personam
1941 2677 2223 2727 mutuatus
2250 2689 2398 2744 quae

375 2757 527 2812 domi
551 2758 762 2813 luserat
783 2757 907 2826 ipse
929 2756 1155 2810 nomine
1193 2756 1342 2812 illius
1380 2758 1438 2811 in
1469 2772 1698 2812 scenam
1729 2754 1968 2811 detulit'.
2032 2756 2226 2826 Nepos
2265 2772 2399 2812 auc-

372 2848 493 2896 tore
526 2849 683 2897 certo
717 2840 1063 2911 comperisse
1100 2857 1163 2895 se
1199 2842 1304 2909 ait,
1342 2839 1401 2896 C.
1427 2842 1676 2896 Laelium
1702 2840 1985 2911 quondam
2007 2841 2064 2895 in
2085 2842 2395 2896 Puteolano

283 2936 354 2989 30
377 2924 629 2981 calendis
651 2924 867 2980 Martiis
891 2924 1236 2979 admonitum
1260 2927 1329 2981 ab
1354 2942 1531 2980 uxore
1546 2968 1561 2994 ,
1588 2926 1890 2996 temperius
1912 2929 1973 2978 ut
1995 2924 2393 2990 discumberet,

374 3011 586 3080 petisse
615 3011 685 3065 ab
724 3024 792 3064 ea
815 3024 885 3062 ne
905 3009 1381 3079 interpellaretur:
1419 3011 1602 3065 serius
1627 3008 1855 3065 tandem
1880 3009 2201 3080 ingressum
2225 3009 2397 3066 tricli-

376 3095 529 3149 nium
564 3093 778 3148 dixisse
812 3107 1138 3164 nonsaepe
1176 3095 1233 3147 in
1280 3093 1578 3150 scribendo
1619 3094 1802 3165 magis
1850 3093 2200 3149 successisse
2252 3094 2394 3149 sibi:

378 3176 583 3232 deinde
606 3181 863 3249 rogatum
882 3182 941 3232 ut
965 3178 1173 3248 scripta
1195 3178 1291 3232 illa
1312 3179 1589 3249 proferret
1608 3178 2004 3249 pronuntiasse
2029 3192 2230 3233 uersus
2246 3219 2260 3244 ,
2300 3179 2393 3250 qu=

377 3268 504 3317 sunt
525 3263 583 3317 in
607 3262 1260 3317 Heautontimorumeno:

284 3367 353 3420 35
462 3361 613 3418 Satis
636 3360 732 3432 pol
755 3366 1018 3432 proterue
1041 3360 1130 3415 me
1156 3359 1288 3433 Syri
1314 3357 1597 3432 promissa
1618 3359 1729 3415 huc
1755 3359 2112 3415 induxerunt.

270 3446 357 3514 (4)
381 3444 584 3501 Santra
613 3445 931 3501 Terentium
967 3444 1273 3513 existimat,
1318 3446 1367 3501 si
1400 3444 1568 3500 modo
1608 3446 1666 3499 in
1704 3443 2004 3500 scribendo
2041 3443 2392 3499 adiutoribus

375 3530 708 3602 indiguerit,
754 3546 867 3585 non
901 3536 1011 3585 tam
1047 3529 1313 3601 Scipione
1365 3538 1420 3585 et
1453 3530 1641 3585 laelio
1679 3530 1757 3583 uti
1791 3529 2073 3598 notuisse,
2121 3528 2214 3600 qui
2259 3533 2393 3584 tunc
