2575 4050
369 227 494 293 180

418 419 482 473 V.

523 421 623 473 583
655 431 704 474 et
738 426 844 479 584
875 428 1119 481 trochaici
1153 438 1427 499 septenarii

432 530 452 539 ·
524 503 626 557 585
663 509 727 558 ad
762 508 865 561 588
899 511 1106 563 iambici
1142 518 1390 568 octonarii
1448 564 1451 567 .

429 611 453 621 ·
522 584 624 637 589
660 595 709 638 et
740 589 845 641 590
878 593 1086 644 iambici
1122 599 1313 648 senarii

427 692 450 701 -
521 667 620 720 591
659 672 727 721 ad
761 672 865 725 613
897 677 1141 729 trochaici
1176 687 1453 749 septenarii

426 777 449 786 -
518 750 619 802 614
654 756 721 805 ad
754 756 855 808 622
890 759 1096 812 iambici
1128 768 1377 818 octonarii

427 859 447 868 -
516 832 618 886 623
654 838 720 887 ad
750 837 855 892 667
883 841 1122 894 trochaici
1156 851 1434 912 septenarii

426 941 446 950 -
518 915 621 969 668
660 920 727 970 ad
761 921 863 974 678
898 923 1106 977 iambici
1140 933 1387 985 octonarii

424 1024 445 1034 -
514 998 618 1052 679
652 1003 719 1052 ad
755 1002 857 1054 707
890 1007 1096 1060 iambici
1130 1015 1411 1077 septenarii

514 1083 616 1136 709
650 1088 717 1137 ad
750 1089 854 1140 722
885 1093 1132 1146 trochaici
1162 1102 1442 1163 septenarii

517 1164 618 1217 723
654 1167 727 1216 ad
750 1172 853 1224 748
893 1173 1102 1228 iambici
1133 1185 1413 1245 septenarii

509 1246 611 1300 749
646 1253 712 1302 ad
747 1254 849 1322 873
885 1258 1092 1309 iambici
1122 1264 1311 1314 senarii

420 1357 438 1366 -
508 1330 610 1381 874
647 1334 712 1382 ad
743 1333 845 1386 907
878 1340 1125 1392 trochaici
1156 1350 1438 1410 septenarii

416 1441 440 1452 ·-
509 1404 613 1468 908
647 1420 715 1471 ad
745 1421 848 1474 939
884 1426 1090 1478 iambici
1127 1432 1318 1482 senarii

415 1526 438 1535 -
507 1501 611 1553 940
644 1506 711 1555 ad
746 1506 848 1560 979
881 1513 1126 1565 trochaici
1162 1520 1437 1583 septenarii

412 1612 435 1622 -
504 1584 609 1637 980
643 1589 710 1638 ad
739 1588 841 1642 999
873 1593 1077 1645 iambici
1114 1602 1360 1652 octonarii

412 1697 434 1704 —
506 1668 641 1721 1000
676 1673 743 1721 ad
779 1674 914 1727 1002
948 1679 1157 1731 iambici
1188 1687 1464 1753 septenarii

411 1780 434 1789 -
504 1751 640 1804 1003
675 1755 922 1808 iambicus
956 1767 1243 1815 octonarius

408 1863 432 1873 -
504 1833 638 1887 1004
672 1836 922 1890 iambicus
956 1850 1308 1905 quaternarius

409 1945 433 1955 -
502 1916 635 1970 1005
670 1921 740 1972 ad
774 1920 909 1973 1012
943 1925 1151 1978 iambici
1188 1931 1436 1981 octonarii

406 2024 432 2033 -
503 1997 636 2053 1013
674 2003 741 2053 ad
777 2004 910 2061 1016
943 2009 1190 2063 trochaici
1224 2017 1498 2080 septenarii

403 2110 428 2121 ·
501 2083 632 2135 1017
668 2092 717 2137 et
753 2087 887 2141 1018
919 2093 1121 2146 iambici
1155 2099 1404 2150 octonarii

403 2192 428 2204 -
497 2166 627 2219 1021
665 2172 732 2221 ad
763 2172 895 2225 1067
929 2177 1171 2229 trochaici
1199 2186 1500 2248 septenarii.
