2575 4050
815 254 1034 316 VITA
1092 252 1553 315 TERENTII.
2156 258 2197 319 5

161 430 580 488 adulescentuli
618 429 804 496 suere,
839 445 1007 500 quam
1030 427 1277 499 Sulpicio
1315 427 1503 494 Gallo,
1536 425 1765 483 homine
1802 426 1966 484 docto
2000 434 2055 484 et
2089 445 2195 502 quo

164 517 400 573 consule
434 514 588 571 ludis
611 511 1014 585 Meyalensibus
1045 513 1261 568 initIum
1297 512 1492 567 fecerit
1515 511 1825 567 fabularum
1860 512 2193 581 dandarum,

167 603 260 657 uel
282 601 354 668 Q.
374 599 554 655 Fabio
577 598 833 653 Labeone
858 602 913 652 et
932 597 1009 652 M.
1035 596 1272 667 Popillio
1291 638 1305 663 ,
1350 596 1634 651 consulari
1658 601 1891 668 utroque
1914 614 1980 653 ac
2004 602 2195 669 poeta.

165 684 302 740 Ideo
326 686 517 755 ipsum
541 697 655 737 non
677 681 912 737 iuuenes
939 681 1304 752 designasse,
1338 679 1431 750 qui
1456 695 1518 735 se
1542 680 1832 737 adiuuisse
1857 681 2193 749 dicerentur,

170 768 276 824 sed
310 770 496 834 οἰνος,
534 781 768 837 quorum
801 781 1031 837 operam
1063 770 1117 819 et
1154 764 1213 819 in
1244 765 1393 819 bello
1420 765 1486 819 'et
1519 765 1576 818 in
1610 765 1722 820 otio
1769 771 1823 821 et
1866 766 1922 821 in
1967 767 2194 839 negotio
2219 775 2252 827 5

164 854 415 924 populus
453 851 524 906 sit
552 856 836 921 expertus·

344 950 477 1003 Post
510 946 690 1002 editas
717 946 1043 1003 comoedias
1059 987 1074 1013 ‚
1115 944 1364 1000 nondum
1390 944 1639 1015 quintum
1660 949 1824 1015 atque
1848 946 2195 1018 trigesimum

168 1048 445 1105 egressus
464 1048 688 1100 annum,
714 1046 890 1087 causa
912 1029 1210 1086 euitandae
1234 1028 1534 1100 opinioniS‚
1563 1044 1674 1100 qua
1697 1029 1991 1086 uidebatur
2013 1030 2196 1084 aliena

168 1133 276 1189 pro
314 1117 433 1172 suis
470 1116 671 1184 edere,
710 1131 814 1171 seu
846 1113 1198 1187 percipiendi
1221 1113 1563 1169 Graecorum
1599 1113 1846 1169 instituta
1876 1129 2193 1185 moresque,

170 1218 319 1273 quos
342 1200 574 1272 perinde
597 1200 934 1271 exprimeret
957 1199 1014 1254 in
1039 1197 1298 1270 scriptis,
1340 1213 1606 1270 egressus
1650 1198 1841 1252 urbem
1887 1202 1974 1253 est
2015 1211 2195 1266 neque
2221 1207 2287 1259 10

173 1286 418 1356 amplius
450 1284 629 1340 rediit.
677 1284 758 1338 De
787 1288 973 1339 morte
996 1284 1118 1339 eius
1147 1284 1438 1340 Volcatius
1471 1285 1553 1340 sic
1582 1283 1778 1340 tradite

260 1367 379 1425 Sed
396 1373 457 1423 ut
477 1354 611 1424 Afer
635 1383 738 1423 sex
758 1368 969 1439 populo
994 1365 1172 1422 edidit
1201 1365 1547 1434 comoediaS,

256 1453 368 1507 Iter
390 1448 520 1507 hinc
545 1454 602 1507 in
625 1453 824 1508 Asiam
848 1450 996 1506 fecit.
1061 1450 1251 1507 nauim
1275 1450 1444 1520 quom
1470 1451 1647 1505 semel

263 1535 634 1604 Conscendit,
659 1537 821 1591 uisus
842 1540 1218 1607 numquamst.
1264 1535 1347 1589 sic
1371 1532 1486 1589 uita
1510 1540 1694 1590 uacat.

171 1619 242 1689 Q.
288 1619 598 1677 Cosconius
634 1620 957 1675 redeuntem
997 1637 1028 1675 e
1059 1620 1298 1676 Graecia
1331 1619 1551 1690 perisse
1586 1619 1643 1674 in
1667 1611 1699 1649 *
1722 1619 1863 1673 mari
1897 1617 2032 1674 dicit
2067 1635 2192 1674 cum
2219 1627 2283 1679 15

170 1710 398 1760 centum
437 1711 493 1760 et
524 1711 648 1761 octo
676 1706 876 1761 sabulis
916 1704 1207 1759 conuersi-s
1245 1719 1279 1758 a
1304 1703 1636 1759 Menandre.
1704 1702 1886 1759 Ceteri
1919 1708 2195 1758 mortuum
2217 1706 2301 1774 (ὃ)

170 1805 307 1845 esse
346 1789 404 1843 in
435 1788 686 1844 Arcadia
709 1781 1078 1861 Stymphali*
1102 1789 1229 1844 sinu
1261 1778 1580 1844 Leucadiae
1608 1780 1641 1818 *
1671 1787 1896 1844 tradunt
1933 1786 2033 1844 Cn.
2065 1785 2197 1843 Cor-

169 1873 324 1929 nelio
367 1872 657 1929 Dolabella
698 1874 776 1928 M.
821 1871 1019 1927 Fuluio
1063 1873 1350 1929 NobiIIore
1400 1873 1756 1941 consulibus,
1804 1874 1999 1928 morbo
2036 1872 2196 1943 inpli-

170 1959 348 2014 citum
386 1957 501 2012 acri
537 1972 613 2013 ex
647 1957 840 2012 dolore
875 1972 941 2011 ac
974 1956 1159 2012 taedio
1185 1957 1521 2012 amissarum
1545 1958 1925 2025 sarcinarum,
1972 1971 2114 2026 quas
2138 1956 2195 2009 in

170 2041 312 2098 naui
358 2043 761 2113 praemiserat,
817 2058 884 2098 ac
931 2042 1097 2097 simul
1145 2043 1480 2111 fabularum,
1541 2058 1681 2112 quas
1733 2058 1916 2097 nouas
1963 2042 2193 2096 fecerat.
2215 2045 2286 2098 20

170 2127 378 2183 Fuisse
416 2126 616 2182 dicitur
649 2126 920 2181 mediocri
956 2130 1200 2193 statura,
1240 2127 1438 2197 gracili
1480 2142 1747 2197 corpore,
1798 2127 1986 2180 colore
2011 2126 2193 2179 fusco,
2308 2134 2316 2142 ·

173 2209 425 2281 Reliquit
460 2210 663 2280 filiam,
703 2227 846 2281 quae
876 2215 1007 2282 post
1044 2210 1215 2280 equiti
1238 2204 1494 2264 Romano
1535 2210 1754 2280 nupsit:
1786 2209 1918 2264 item
1940 2208 2194 2263 hortulos

174 2295 378 2366 uiginti
403 2295 662 2367 iugerum
683 2295 780 2350 uia
799 2294 987 2366 Appia
1022 2292 1098 2349 ad
1117 2293 1313 2348 Martis
1344 2293 1604 2361 [uillam].
1671 2292 1792 2361 Quo
1816 2292 1999 2365 magis
2022 2292 2195 2347 miror

173 2380 439 2434 Porcium
462 2379 735 2435 scribere:

1196 2463 1274 2517 nil
1297 2461 1523 2518 Publius
2218 2468 2287 2521 25

267 2542 461 2618 Scipio
484 2547 722 2618 profuit,
746 2547 826 2601 nil
849 2546 901 2602 ei
923 2545 1146 2602 Laelius
1162 2588 1177 2614 ‚
1201 2549 1279 2602 nil
1300 2547 1523 2614 Furius,

261 2630 403 2686 Tres
425 2647 527 2702 per
552 2630 703 2686 idem
725 2632 945 2702 tempus
969 2631 1063 2702 qui
1087 2631 1372 2702 agitabant
1393 2629 1609 2686 nobiles
1634 2626 1951 2687 facillume:

259 2714 470 2770 Eorum
492 2716 584 2771 ille
607 2731 783 2786 opera
805 2714 876 2771 ne
901 2715 1130 2771 domum
1154 2715 1383 2786 quidem
1404 2714 1598 2771 habuit
1624 2710 2052 2781 conducticiam,
2127 2725 2132 2730 ·

262 2796 474 2855 Saltem
495 2805 556 2856 ut
579 2805 731 2855 esset
753 2799 862 2871 quo
886 2800 1123 2855 referret
1144 2801 1354 2856 obitum
1378 2800 1589 2855 domini
1614 2799 1892 2855 seruoluS.

345 2883 506 2938 Hunc
530 2884 800 2941 Afranius
841 2883 1067 2956 quidem
1106 2886 1364 2940 omnibus
1397 2884 1630 2941 comicis
1662 2883 1912 2955 praefert
1944 2882 2194 2938 scribens
2215 2886 2287 2941 30

175 2969 233 3023 in
259 2965 692 3039 Compitalibus:

262 3051 522 3108 Terentio
549 3068 662 3107 non
688 3048 928 3108 similem
952 3052 1110 3108 dices
1136 3053 1476 3124 quempiam.

175 3136 468 3193 Volcatius
514 3142 701 3193 autem
743 3153 858 3192 non
892 3138 1074 3192 solum
1107 3137 1323 3193 Naeuio
1368 3142 1423 3191 et
1441 3137 1635 3191 Plauto
1683 3142 1737 3191 et
1772 3134 2012 3192 Caecilio
2032 3178 2046 3203 ‚
2094 3132 2197 3190 sed

175 3220 388 3276 Licinio
423 3237 645 3293 quoque
681 3227 736 3276 et
768 3221 939 3277 Atilio
974 3222 1278 3293 postponit.
1349 3219 1543 3277 Cicero
1580 3221 1637 3275 in
1654 3220 1883 3275 Limone
1922 3220 2195 3275 hactenus

176 3304 396 3361 laudat:
2021 3362 2026 3367 .
2216 3305 2288 3362 35

260 3389 344 3444 Tu
366 3405 590 3461 quoque
608 3432 622 3457 ‚
649 3391 744 3467 qui
769 3391 925 3446 solus
947 3390 1093 3446 lecto
1120 3406 1379 3446 sermone
1400 3432 1414 3458 ,
1439 3389 1681 3457 Terenti,

263 3470 613 3530 Conuersum
635 3490 1083 3547 expressumque
1108 3474 1304 3530 Latina
1323 3490 1467 3529 uoce
1489 3471 1862 3529 Menandrum
