2575 4050
398 929 475 1020 G.
547 922 1111 1018 svlirowll
1191 920 1942 1031 TRANQVILLI

785 1089 969 1174 vm
1026 1092 1101 1174 Ρ.
1145 1090 1535 1175 ΤΕΒΕΝΤΠ.

1013 1269 1307 1278 -—————--—

322 1403 385 1457 P.
438 1398 842 1456 TERENTIVS
885 1399 1023 1454 Afer
1076 1397 1411 1472 Carthagine
1462 1405 1625 1457 natus
1669 1403 1902 1457 seruiuit
1951 1402 2164 1458 Romae

143 1487 413 1543 Terentio
448 1485 671 1540 Lucano
713 1484 985 1553 senatori,
1033 1500 1067 1538 a
1107 1500 1216 1555 quo
1253 1486 1327 1540 ob
1362 1483 1648 1558 ingenium
1691 1491 1745 1541 et
1779 1488 2012 1541 formam
2052 1503 2163 1540 non

146 1572 434 1629 institutus
470 1568 638 1624 modo
674 1568 973 1625 liberaliter
997 1567 1101 1622 sed
1125 1574 1180 1623 et
1199 1574 1414 1624 mature
1438 1587 1607 1626 manu
1629 1571 1838 1626 missus
1863 1575 1968 1626 est.
2034 1570 2164 1638 Qui-

147 1656 283 1713 dam
319 1659 543 1725 captum
577 1669 704 1709 esse
748 1653 1096 1708 existimant:
1144 1653 1298 1724 quod
1328 1654 1453 1709 fieri
1498 1656 1649 1711 nullo
1698 1655 1868 1711 modo
1910 1655 2163 1726 potuisse

143 1740 469 1797 Fenestella
504 1737 691 1811 docet,
734 1754 859 1792 cum
889 1738 1029 1792 Inter
1053 1736 1223 1792 finem
1248 1739 1483 1794 secundi
1506 1740 1635 1797 belli
1657 1740 1850 1796 Punici
1874 1746 1928 1795 et
1951 1741 2163 1796 initium
2185 1750 2219 1801 5

147 1825 296 1880 tertii
320 1827 486 1878 natus
509 1822 579 1877 sit
602 1825 655 1877 et
687 1827 970 1878 mortuus:
1007 1838 1139 1888 nec,
1180 1822 1228 1877 si
1268 1840 1303 1878 a
1323 1824 1582 1880 Numidis
1620 1829 1714 1880 aut
1742 1825 1992 1880 Gaetulis
2023 1840 2162 1895 cap-

148 1918 238 1965 tus
270 1909 373 1975 sit,
401 1905 612 1961 adduci
627 1905 863 1960 Romam
884 1906 1060 1977 ibique
1084 1908 1317 1962 uacnire
1339 1909 1592 1979 potuisse
1611 1951 1625 1976 ‚
1650 1910 1801 1964 nullo
1827 1909 2162 1964 commercio

146 1996 292 2051 inter
314 1992 537 2049 Italicos
563 1995 616 2047 et
637 1990 808 2046 Afros
836 1991 943 2047 nIsi
972 1995 1101 2062 post
1125 1990 1366 2048 deletam
1392 1991 1786 2065 Carthaginem
1818 1999 2039 2065 coepto·

319 2077 424 2132 Hic
457 2092 585 2131 cum
619 2077 803 2131 multis
844 2076 1123 2132 nobilibus
1172 2077 1516 2134 familiariter
1561 2078 1727 2145 uixit,
1776 2077 1881 2132 sed
1922 2078 2163 2131 maxime

146 2180 281 2219 cum
304 2160 570 2231 Scipione
592 2160 860 2215 Africano
889 2165 942 2215 et
959 2158 1019 2215 C.
1046 2160 1255 2228 Lae110,
1283 2162 1485 2231 quibus
1510 2161 1677 2217 etiam
1702 2161 1955 2230 corporis
1982 2162 2162 2233 gratia
2186 2171 2253 2223 10

145 2247 481 2304 conciliatus
521 2243 897 2304 existimatur:
947 2244 1101 2315 quod
1137 2249 1190 2300 et
1227 2245 1414 2315 ipsum
1447 2245 1765 2300 Fenestella
1807 2246 1990 2317 arguit
2034 2261 2162 2300 con-

143 2330 386 2387 tendens
423 2335 654 2399 utroque
689 2329 958 2383 maiorem
980 2335 1112 2384 natu
1136 2329 1311 2384 fuisse
1331 2371 1345 2397 ‚
1383 2329 1638 2399 quamuis
1664 2334 1717 2385 et
1742 2328 2030 2386 Cornelius
2056 2329 2163 2384 Ne-

142 2433 255 2488 pos
290 2414 556 2485 aequales
590 2428 786 2468 omnes
810 2414 988 2469 fuisse
1010 2412 1192 2468 tradat
1213 2418 1266 2468 et
1287 2413 1519 2469 Porcius
1545 2415 1912 2486 suspitionem
1938 2415 2009 2470 de
2034 2431 2162 2471 con·

147 2498 448 2556 suetudine
470 2514 573 2569 per
595 2495 736 2552 haec
759 2498 958 2553 saciat:

230 2583 377 2639 Diim
403 2577 693 2664 lasciuit-,im
715 2582 981 2638 nobilium
1009 2586 1063 2636 et
1085 2582 1282 2638 laudes
1309 2580 1534 2638 sucosas
1558 2584 1712 2654 petit,
2193 2593 2253 2643 15

230 2667 377 2723 Dum
398 2665 644 2723 Africani
671 2665 868 2721 uocem
893 2666 1142 2722 diuinam
1165 2663 1340 2722 inhiat
1366 2667 1549 2723 auidis
1574 2667 1823 2735 auribuS‚

231 2751 381 2807 Diim
405 2768 467 2806 se
491 2750 565 2805 ad
588 2750 816 2806 Furium
845 2766 1049 2805 cenare
1073 2757 1127 2805 et
1148 2751 1398 2807 Laelium
1420 2752 1713 2823 pulchrum
1734 2756 1909 2823 putat,

227 2835 382 2893 Mm
402 2849 463 2890 se
552 2873 1096 2889 ......
1184 2835 1380 2891 crebro
1405 2837 1463 2891 in
1483 2835 1765 2890 Albanum
1788 2837 1928 2907 rapi,

232 2920 378 2976 Diim
401 2934 463 2975 se
489 2920 558 2974 ab
580 2919 671 2975 his
693 2916 867 2975 amari
893 2919 1070 2973 credit
1093 2919 1162 2974 db
1189 2919 1388 2976 florem
1413 2915 1611 2975 aetatis
1634 2933 1804 2976 suae:

230 3004 365 3061 Pdst
388 3004 621 3060 sublatis
644 3004 812 3060 rebus
835 3002 911 3058 ad
934 3019 1208 3059 summam
1235 3000 1482 3075 inopiam
1504 3000 1767 3059 redactus
1791 3009 1897 3060 est.
2186 3014 2254 3066 20

229 3064 420 3160 itaque
443 3107 476 3145 e
499 3093 805 3161 conspectu
827 3086 1074 3143 omnium
1097 3089 1230 3144 abiit
1253 3088 1546 3145 Graeciam·
1569 3089 1627 3143 in
1649 3093 1856 3143 terram
1879 3089 2144 3146 ultimam.

231 3174 509 3229 Mortuost
532 3174 591 3229 in
616 3158 938 3246 Sty'mphalo
962 3172 1244 3228 Arcadiae
1267 3172 1508 3244 oppido:
1534 3173 1612 3227 nil
1627 3174 1861 3228 <Publius

235 3255 425 3330 Scipio
449 3258 689 3328 profuit,
715 3258 793 3311 nil
816 3256 867 3311 ei
887 3255 1110 3312 Laelius
1127 3299 1141 3325 ,
1168 3257 1246 3311 nil
1271 3258 1315 3311 F
1321 3257 1493 3324 tirius»,

234 3341 372 3398 Tres
394 3358 498 3413 per
522 3343 676 3397 idem
702 3340 922 3412 tempus
945 3341 1039 3411 qui
1061 3341 1345 3413 agitabant
1368 3340 1584 3396 ndbiles
1610 3336 1921 3395 facillume:

234 3426 440 3482 Eorum
463 3426 554 3481 ille
587 3442 756 3499 opera
778 3424 847 3480 ne
873 3424 1099 3480 domum
1126 3425 1352 3496 quidem
1377 3422 1568 3480 habuit
1591 3419 2018 3480 conducticiam.
2187 3435 2255 3487 ‘25

236 3509 445 3566 Saltem
467 3516 527 3566 ut
551 3515 704 3567 esset
727 3509 836 3581 quo
861 3510 1094 3565 referret
1116 3510 1325 3565 obitum
1352 3508 1560 3563 domini
1585 3507 1860 3563 seruoluS.

1668 3585 1753 3646 1*
