2575 4050
698 367 729 408 S
739 367 1098 410 ORIPTVRAE
1138 366 1591 409 BENTLEIANAE.
2061 363 2190 409 XIII

181 516 308 575 suis
363 516 630 575 eonsssiis
675 515 824 574 mihi
863 515 1122 574 confecit
1292 525 1387 578 651
1432 517 1647 576 minim
1818 525 1918 582 655
1962 534 2082 595 quo
2126 526 2193 576 tu

352 607 456 662 659
488 598 776 658 Nondum
820 600 1002 658 etiam
1045 599 1182 658 seis.
1217 596 1334 657 CH.
1361 598 1502 658 Seio
1549 599 1831 678 equidem
1877 599 2194 659 ducturum

182 686 317 746 esse
368 690 453 743 te.
621 692 725 746 663
763 701 847 758 sq.
891 683 1005 741 PA.
1040 682 1272 741 Dauos.
1311 681 1427 743 CH.
1460 682 1720 743 Dauos?
1759 683 2193 764 quamobrem?

181 769 296 828 ΡΑ.
338 768 580 828 nescio:
635 762 645 847 Ι
681 766 821 824 Nisi
874 766 1021 825 mihi
1063 764 1210 825 deos
1269 766 1461 826 fuisse
1631 775 1733 830 665
1778 774 1871 826 est
1910 768 2027 826 hoc

181 853 306 911 DA.
354 852 736 909 faetum'est.
909 859 1013 913 668
1055 850 1269 928 quidni
1309 850 1427 908 hoe
1465 851 1778 909 eonsilium
1947 860 2051 914 672
2074 853 2196 910 iam

185 935 264 995 ad
308 936 565 993 salutem
604 953 785 1012 posse
957 941 1060 995 682
1087 933 1212 993 DA.
1245 934 1342 993 set
1385 934 1742 1011 concrepuit
1780 934 1923 992 hine
2092 943 2197 997 683

182 1038 426 1078 nunene
595 1025 698 1080 686
742 1018 1078 1096 opportune
1122 1025 1184 1075 te
1225 1017 1376 1075 mihi
1419 1019 1617 1077 offers·
1664 1089 1668 1092 ⁴
1789 1025 1892 1080 694
1931 1019 2044 1077 tibi
2086 1038 2191 1079 om.

351 1110 456 1164 700
490 1101 610 1159 hae
779 1109 884 1162 702
925 1118 1007 1174 sq.
1036 1098 1149 1159 CH.
1181 1100 1409 1171 forti’s3
1451 1098 1459 1171 1
1498 1101 1566 1162 Si
1596 1100 1743 1180 quid
1783 1119 2024 1160 conere.

183 1196 285 1250 705
329 1187 412 1243 mi
463 1185 565 1242 hic
733 1193 838 1248 712
879 1183 963 1242 ad
1015 1204 1112 1244 me
1148 1194 1363 1243 uenias
1532 1192 1634 1247 715
1680 1184 1852 1242 facto·
1887 1192 1981 1244 est
2022 1205 2192 1263 opus,

183 1271 313 1329 MY.
338 1276 595 1327 matura.
764 1275 866 1330 717
892 1266 1255 1345 deputabam
1423 1276 1530 1331 718
1558 1264 1905 1347 amatorem]
1935 1277 2196 1328 tutorem

354 1360 456 1415 727
502 1360 631 1411 tute
673 1350 737 1408 id
906 1358 1010 1414 729
1064 1352 1420 1432 adposuisse
1588 1360 1694 1414 730
1731 1348 1915 1431 unde]
1967 1363 2027 1412 te

184 1445 288 1500 736
320 1443 499 1514 opust
664 1442 768 1497 742
813 1433 1146 1513 adposuisti
1316 1444 1417 1498 745
1451 1435 1665 1494 turbae
1704 1444 1853 1513 aput
1894 1436 2195 1496 forumst‘?

187 1519 336 1601 quid
377 1519 507 1577 illie
675 1526 778 1581 749
818 1538 914 1578 me
955 1521 1063 1597 qui
1229 1528 1333 1581 752
1375 1537 1458 1593 sq.
1505 1519 1758 1578 uerbum
1809 1540 1993 1578 unum
2031 1521 2195 1593 mihi,

186 1599 199 1685 Ι
244 1604 765 1682 Praetereaquam
822 1601 984 1681 quod
1154 1610 1260 1665 754
1312 1600 1478 1678 Quin
1533 1601 1684 1663 dieis
1740 1603 1964 1663 undest
2008 1604 2193 1664 clare.

182 1690 316 1747 ΜῨ.
362 1691 401 1745 a
439 1686 634 1745 nobis.
675 1687 802 1745 DA.
848 1687 1067 1746 attate:
1240 1695 1344 1749 762
1389 1686 1523 1745 dieo
1570 1706 1683 1764 ego
1852 1695 1957 1750 763
2007 1687 2195 1768 adpo-

184 1772 361 1831 suisti
531 1779 633 1832 765
673 1769 796 1828 DA.
839 1770 1007 1842 hem,
1063 1769 1256 1851 quid?
1309 1769 1662 1848 Pamphili?
1832 1779 1935 1835 766
1976 1792 2196 1850 nempe

182 1856 294 1914 has
329 1854 461 1931 fugi
628 1861 730 1916 781
760 1853 890 1914 ΜῩ.
925 1853 1071 1926 eh0‚
1113 1853 1360 1914 obsecro
1532 1862 1636 1918 '783
1667 1853 1925 1914 Chreme
2094 1864 2199 1920 794

182 1939 400 1997 Hilum
568 1945 668 2000 797
700 1932 857 2016 sese]
895 1936 1012 1995 sibi
1182 1936 1427 1997 diuitias
1596 1947 1701 2003 798
1722 1938 1980 1998 honeste
2001 1940 2063 1998 in
2087 1958 2195 2018 pa·

180 2024 305 2081 tria
473 2029 579 2083 803
617 2021 718 2098 pol
761 2019 1006 2101 quidem
1174 2031 1278 2085 809
1322 2017 1499 2101 enim]
1554 2033 1616 2082 ei·
1784 2033 1890 2086 813
1918 2043 2053 2083 esse
2086 2024 2195 2083 ali·

183 2126 366 2186 quem
535 2113 641 2166 814
655 2104 1104 2165 Grandiuscula
1271 2115 1376 2169 819
1389 2106 1532 2166 nolo
1553 2127 1650 2165 me
1821 2115 1926 2168 823
1939 2105 2196 2166 Chreme

353 2197 460 2252 828
477 2188 702 2247 homini
723 2196 793 2247 ut
959 2198 1064 2252 830
1073 2197 1144 2247 ut
1164 2209 1270 2247 om.
1430 2198 1535 2252 838
1552 2189 1837 2248 ancillam
1857 2190 2197 2265 iurgantem

356 2280 461 2334 840
517 2273 783 2330 futurum
950 2281 1050 2334 841
1098 2268 1191 2351 ao]
1239 2281 1309 2331 ut
1476 2281 1579 2334 842
1620 2268 1741 2351 En]
1788 2271 1926 2332 hem
2094 2281 2199 2336 846

188 2355 450 2415 Chreme
619 2364 723 2419 849
776 2355 1080 2435 responde
1249 2366 1355 2419 850
1407 2355 1606 2414 Mihi?
1774 2365 1881 2419 854
1938 2354 2198 2416 Chreme

355 2448 457 2501 861
487 2439 805 2498 sublimem
834 2439 995 2498 hune
1023 2441 1181 2499 intro
1351 2447 1527 2519 potes
1692 2447 1794 2503 867
1842 2440 1988 2521 quid
2033 2461 2198 2499 erum

356 2530 462 2584 868
506 2520 764 2582 Chreme
934 2531 1040 2585 878
1063 2522 1228 2583 Vide
1258 2519 1421 2603 num]
1453 2523 1756 2582 Numnam
1923 2532 2027 2587 886
2050 2524 2200 2603 quid

185 2626 304 2684 ego
346 2624 443 2663 me
487 2614 688 2665 autem
735 2606 1065 2666 excrucio?
1234 2616 1341 2671 894
1378 2625 1463 2683 sq.
1508 2627 1665 2684 egon
1708 2606 1996 2667 audiam?
2051 2606 2195 2687 quid

185 2709 303 2767 ego
343 2686 617 2763 audiam,
655 2686 667 2770 Ι
708 2688 1011 2750 Chreme?
1058 2688 1174 2749 CH.
1222 2691 1285 2748 at
1325 2700 1527 2750 tamen
1569 2690 1734 2750 dieat
1760 2693 1913 2751 sine.
1950 2690 2040 2748 Sr.
2083 2711 2198 2768 age

360 2781 465 2835 902
484 2770 741 2833 Chreme
912 2782 1014 2838 906
1034 2773 1087 2833 is
1115 2783 1280 2834 certe
1453 2773 1712 2834 Chreme
1882 2781 1981 2837 917
2012 2773 2197 2833 Chre-

185 2877 286 2916 me
460 2864 565 2918 920
601 2865 820 2935 perget
986 2866 1091 2920 928
1128 2857 1352 2918 nomen
1395 2866 1518 2916 tam
1575 2857 1737 2917 cito?
1780 2857 1895 2917 PA.
1941 2856 2197 2916 Phania.

188 2940 310 3000 CH·
342 2939 503 3013 hem,
676 2950 781 3004 930
823 2960 958 3001 sese
991 2940 1155 2999 aibat
1327 2940 1581 3001 Chreme
1749 2951 1851 3005 935
1893 2942 2036 3000 hine
2069 2942 2198 3001 bel·

185 3025 316 3083 lum
486 3032 589 3087 936
610 3026 710 3084 hie
730 3026 1077 3104 relinquere
1100 3024 1335 3084 ueritus
1359 3034 1468 3084 est.
1492 3026 1741 3104 postilla
1907 3034 2010 3089 939
2035 3033 2200 3084 tuam

188 3102 476 3185 inueniri]
519 3109 714 3168 ciuem
754 3109 1065 3167 inuentam
1236 3117 1341 3172 944
1370 3118 1609 3187 egomet
1776 3117 1878 3172 945
1925 3108 2199 3183 Chreme,

189 3191 359 3272 quod
405 3192 682 3270 quaeriS,
725 3191 1039 3251 Pasibula.
1211 3200 1316 3255 946
1362 3191 1620 3253 Chreme
1788 3201 1894 3255 950
1929 3192 2067 3251 Nisi
2121 3194 2199 3251 si-

191 3274 341 3354 quid
509 3284 612 3338 955
665 3272 870 3353 Haud]
932 3284 997 3334 at
1161 3284 1265 3338 956
1307 3284 1539 3336 mature
1707 3284 1807 3340 957
1851 3294 1935 3349 sq.
1982 3276 2201 3355 aliquis

191 3359 402 3418 forsan
442 3359 540 3417 me
570 3367 748 3436 putet
781 3353 792 3438 Ι
830 3359 973 3420 Non
1014 3366 1232 3438 putare
1271 3359 1388 3417 hoe
1557 3359 1752 3439 liquet
1919 3366 2023 3421 963
2051 3360 2200 3417 mal-

189 3440 314 3500 lem
484 3450 587 3504 965
621 3443 744 3501 DA.
773 3442 1128 3520 Pamphilus
1157 3442 1511 3501 ubinamst?
1544 3442 1661 3502 ΡΑ.
1692 3442 1793 3502 hic
1838 3450 1954 3516 est,
1999 3443 2201 3502 Daue.

191 3523 314 3583 DA.
368 3527 506 3605 quis
552 3524 835 3586 homost?
892 3527 1006 3586 ΡΑ.
1061 3546 1175 3603 ego
1220 3545 1351 3584 sum
1392 3525 1779 3603 Pamphilusz
1951 3534 2051 3590 967
2094 3528 2200 3585 sim

195 3626 305 3685 ego
343 3617 566 3669 nactus
736 3619 841 3673 968
881 3629 996 3687 ego
1038 3608 1154 3668 tibi
1195 3608 1358 3687 quod
1528 3618 1633 3673 973
1671 3605 1782 3689 est]
1834 3630 1900 3682 es
2069 3608 2195 3666 dili«
